@article{Franciolini:2022tfm,
	author = "Franciolini, G. and Musco, I. and Pani, P. and Urbano, A.",
	title = "{From inflation to black hole mergers and back again: Gravitational-wave data-driven constraints on inflationary scenarios with a first-principle model of primordial black holes across the QCD epoch}",
	eprint = "2209.05959",
	archivePrefix = "arXiv",
	primaryClass = "astro-ph.CO",
	month = "9",
	year = "2022"
}

@article{Anagnostou:2020umw,
	author = "Anagnostou, Oliver and Trenti, Michele and Melatos, Andrew",
	title = "{Hierarchical Formation Of An Intermediate Mass Black Hole Via Seven Mergers: Implications For GW190521}",
	eprint = "2010.06161",
	archivePrefix = "arXiv",
	primaryClass = "astro-ph.HE",
	month = "10",
	year = "2020"
}

@article{LIGOScientific:2020ibl,
	author = "Abbott, R. and others",
	collaboration = "LIGO Scientific, Virgo",
	title = "{GWTC-2: Compact Binary Coalescences Observed by LIGO and Virgo During the First Half of the Third Observing Run}",
	eprint = "2010.14527",
	archivePrefix = "arXiv",
	primaryClass = "gr-qc",
	reportNumber = "P2000061",
	doi = "10.1103/PhysRevX.11.021053",
	journal = "Phys. Rev. X",
	volume = "11",
	pages = "021053",
	year = "2021"
}

@article{LIGOScientific:2018mvr,
	author = "Abbott, B. P. and others",
	collaboration = "LIGO Scientific, Virgo",
	title = "{GWTC-1: A Gravitational-Wave Transient Catalog of Compact Binary Mergers Observed by LIGO and Virgo during the First and Second Observing Runs}",
	eprint = "1811.12907",
	archivePrefix = "arXiv",
	primaryClass = "astro-ph.HE",
	reportNumber = "LIGO-P1800307",
	doi = "10.1103/PhysRevX.9.031040",
	journal = "Phys. Rev. X",
	volume = "9",
	number = "3",
	pages = "031040",
	year = "2019"
}

@article{Marchant:2020haw,
	author = "Marchant, Pablo and Moriya, Takashi",
	title = "{The impact of stellar rotation on the black hole mass-gap from pair-instability supernovae}",
	eprint = "2007.06220",
	archivePrefix = "arXiv",
	primaryClass = "astro-ph.HE",
	doi = "10.1051/0004-6361/202038902",
	journal = "Astron. Astrophys.",
	volume = "640",
	pages = "L18",
	year = "2020"
}

@article{Farmer_2019,
	doi = {10.3847/1538-4357/ab518b},
	
	url = {https://doi.org/10.3847%2F1538-4357%2Fab518b},
	
	year = 2019,
	month = {dec},
	
	publisher = {American Astronomical Society},
	
	volume = {887},
	
	number = {1},
	
	pages = {53},
	
	author = {R. Farmer and M. Renzo and S. E. de Mink and P. Marchant and S. Justham},
	
	title = {Mind the Gap: The Location of the Lower Edge of the Pair-instability Supernova Black Hole Mass Gap},
	
	journal = {The Astrophysical Journal}
}

@article{Farmer:2020xne,
	author = "Farmer, Robert and Renzo, Mathieu and de Mink, Selma and Fishbach, Maya and Justham, Stephen",
	title = "{Constraints from gravitational wave detections of binary black hole mergers on the $^{12}\rm{C}\left(\alpha,\gamma\right)^{16}\!\rm{O}$ rate}",
	eprint = "2006.06678",
	archivePrefix = "arXiv",
	primaryClass = "astro-ph.HE",
	doi = "10.3847/2041-8213/abbadd",
	journal = "Astrophys. J. Lett.",
	volume = "902",
	number = "2",
	pages = "L36",
	year = "2020"
}

@article{Marchant_2019,
	doi = {10.3847/1538-4357/ab3426},
	
	url = {https://doi.org/10.3847%2F1538-4357%2Fab3426},
	
	year = 2019,
	month = {aug},
	
	publisher = {American Astronomical Society},
	
	volume = {882},
	
	number = {1},
	
	pages = {36},
	
	author = {Pablo Marchant and Mathieu Renzo and Robert Farmer and Kaliroe M. W. Pappas and Ronald E. Taam and Selma E. de Mink and Vassiliki Kalogera},
	
	title = {Pulsational Pair-instability Supernovae in Very Close Binaries},
	
	journal = {The Astrophysical Journal}
}

@article{LIGOScientific:2020iuh,
	author = "Abbott, R. and others",
	collaboration = "LIGO Scientific, Virgo",
	title = "{GW190521: A Binary Black Hole Merger with a Total Mass of $150  M_{\odot}$}",
	eprint = "2009.01075",
	archivePrefix = "arXiv",
	primaryClass = "gr-qc",
	doi = "10.1103/PhysRevLett.125.101102",
	journal = "Phys. Rev. Lett.",
	volume = "125",
	number = "10",
	pages = "101102",
	year = "2020"
}

@article{LIGOScientific:2021djp,
	author = "Abbott, R. and others",
	collaboration = "LIGO Scientific, VIRGO, KAGRA",
	title = "{GWTC-3: Compact Binary Coalescences Observed by LIGO and Virgo During the Second Part of the Third Observing Run}",
	eprint = "2111.03606",
	archivePrefix = "arXiv",
	primaryClass = "gr-qc",
	reportNumber = "LIGO-P2000318",
	month = "11",
	year = "2021"
}

@article{Loredo:2004nn,
	author = "Loredo, Thomas J.",
	editor = "Fischer, Rainer and Preuss, Roland and von Toussaint, Udo",
	title = "{Accounting for source uncertainties in analyses of astronomical survey data}",
	eprint = "astro-ph/0409387",
	archivePrefix = "arXiv",
	doi = "10.1063/1.1835214",
	journal = "AIP Conf. Proc.",
	volume = "735",
	number = "1",
	pages = "195--206",
	year = "2004"
}

@article{DeLuca:2021wjr,
	author = "De Luca, V. and Franciolini, G. and Pani, P. and Riotto, A.",
	title = "{Bayesian Evidence for Both Astrophysical and Primordial Black Holes: Mapping the GWTC-2 Catalog to Third-Generation Detectors}",
	eprint = "2102.03809",
	archivePrefix = "arXiv",
	primaryClass = "astro-ph.CO",
	doi = "10.1088/1475-7516/2021/05/003",
	journal = "JCAP",
	volume = "05",
	pages = "003",
	year = "2021"
}

@dataset{ligo_scientific_collaboration_and_virgo_2021_5655785,
	author = "Abbott, R. and others",
	collaboration = "LIGO Scientific, VIRGO, KAGRA",
	title        = {{The population of merging compact binaries inferred using gravitational waves through GWTC-3
	- Data release}},
	month        = nov,
	year         = 2021,
	publisher    = {Zenodo},
	version      = {v1},
	doi          = {10.5281/zenodo.5655785},
	url          = {https://doi.org/10.5281/zenodo.5655785}
}

@article{Speagle:2019ivv,
	author = "Speagle, Joshua S.",
	title = "{dynesty: a dynamic nested sampling package for estimating Bayesian posteriors and evidences}",
	eprint = "1904.02180",
	archivePrefix = "arXiv",
	primaryClass = "astro-ph.IM",
	doi = "10.1093/mnras/staa278",
	journal = "Mon. Not. Roy. Astron. Soc.",
	volume = "493",
	number = "3",
	pages = "3132--3158",
	year = "2020"
}

@article{Ashton:2018jfp,
	author = "Ashton, Gregory and others",
	title = "{BILBY: A user-friendly Bayesian inference library for gravitational-wave astronomy}",
	eprint = "1811.02042",
	archivePrefix = "arXiv",
	primaryClass = "astro-ph.IM",
	doi = "10.3847/1538-4365/ab06fc",
	journal = "Astrophys. J. Suppl.",
	volume = "241",
	number = "2",
	pages = "27",
	year = "2019"
}

@article{Romero-Shaw:2020owr,
	author = "Romero-Shaw, I. M. and others",
	title = "{Bayesian inference for compact binary coalescences with bilby: validation and application to the first LIGO\textendash{}Virgo gravitational-wave transient catalogue}",
	eprint = "2006.00714",
	archivePrefix = "arXiv",
	primaryClass = "astro-ph.IM",
	doi = "10.1093/mnras/staa2850",
	journal = "Mon. Not. Roy. Astron. Soc.",
	volume = "499",
	number = "3",
	pages = "3295--3319",
	year = "2020"
}

@article{Mastrogiovanni:2021wsd,
	author = "Mastrogiovanni, S. and Leyde, K. and Karathanasis, C. and Chassande-Mottin, E. and Steer, D. A. and Gair, J. and Ghosh, A. and Gray, R. and Mukherjee, S. and Rinaldi, S.",
	title = "{On the importance of source population models for gravitational-wave cosmology}",
	eprint = "2103.14663",
	archivePrefix = "arXiv",
	primaryClass = "gr-qc",
	doi = "10.1103/PhysRevD.104.062009",
	journal = "Phys. Rev. D",
	volume = "104",
	number = "6",
	pages = "062009",
	year = "2021"
}


@article{LIGOScientific:2021psn,
	author = "Abbott, R. and others",
	collaboration = "LIGO Scientific, VIRGO, KAGRA",
	title = "{The population of merging compact binaries inferred using gravitational waves through GWTC-3}",
	eprint = "2111.03634",
	archivePrefix = "arXiv",
	primaryClass = "astro-ph.HE",
	reportNumber = "LIGO-P2100239 ; Data release: https://zenodo.org/record/5655785, LIGO-P2100239",
	month = "11",
	year = "2021"
}

@article{ligo_scientific_collaboration_and_virgo_2021_5546676,
	author = "Abbott, R. and others",
	collaboration = "LIGO Scientific, VIRGO, KAGRA",
	title        = {{GWTC-3: Compact Binary Coalescences Observed by LIGO and Virgo During the Second Part of the Third Observing Run â€” O3 search sensitivity estimates}},
	month        = nov,
	year         = 2021,
	publisher    = {Zenodo},
	doi          = {https://doi.org/10.5281/zenodo.5546676},
	url          = {https://doi.org/10.5281/zenodo.5546676}
}

@article{Planck:2018vyg,
	author = "Aghanim, N. and others",
	collaboration = "Planck",
	title = "{Planck 2018 results. VI. Cosmological parameters}",
	eprint = "1807.06209",
	archivePrefix = "arXiv",
	primaryClass = "astro-ph.CO",
	doi = "10.1051/0004-6361/201833910",
	journal = "Astron. Astrophys.",
	volume = "641",
	pages = "A6",
	year = "2020",
	note = "[Erratum: Astron.Astrophys. 652, C4 (2021)]"
}
@article{BF,
	author = {Robert E. Kass and Adrian E. Raftery},
	title = {Bayes Factors},
	journal = {Journal of the American Statistical Association},
	volume = {90},
	number = {430},
	pages = {773-795},
	year  = {1995},
	publisher = {Taylor & Francis},
	doi = {10.1080/01621459.1995.10476572}
}

@article{Deng:2021ezy,
	author = "Deng, Heling",
	title = "{A possible mass distribution of primordial black holes implied by LIGO-Virgo}",
	eprint = "2101.11098",
	archivePrefix = "arXiv",
	primaryClass = "astro-ph.CO",
	doi = "10.1088/1475-7516/2021/04/058",
	journal = "JCAP",
	volume = "04",
	pages = "058",
	year = "2021"
}

@article{DeLuca:2020ioi,
	author = "De Luca, V. and Franciolini, G. and Riotto, A.",
	title = "{On the Primordial Black Hole Mass Function for Broad Spectra}",
	eprint = "2001.04371",
	archivePrefix = "arXiv",
	primaryClass = "astro-ph.CO",
	doi = "10.1016/j.physletb.2020.135550",
	journal = "Phys. Lett. B",
	volume = "807",
	pages = "135550",
	year = "2020"
}

@article{Chen:2022fda,
	author = "Chen, Zu-Cheng and Du, Shen-Shi and Huang, Qing-Guo and You, Zhi-Qiang",
	title = "{Constraints on Primordial-black-hole Population and Cosmic Expansion History from GWTC-3}",
	eprint = "2205.11278",
	archivePrefix = "arXiv",
	primaryClass = "astro-ph.CO",
	month = "5",
	year = "2022"
}

@article{Chen:2021nxo,
	author = "Chen, Zu-Cheng and Yuan, Chen and Huang, Qing-Guo",
	title = "{Confronting the primordial black hole scenario with the gravitational-wave events detected by LIGO-Virgo}",
	eprint = "2108.11740",
	archivePrefix = "arXiv",
	primaryClass = "astro-ph.CO",
	doi = "10.1016/j.physletb.2022.137040",
	journal = "Phys. Lett. B",
	volume = "829",
	pages = "137040",
	year = "2022"
}

@article{Wu:2020drm,
	author = "Wu, You",
	title = "{Merger history of primordial black-hole binaries}",
	eprint = "2001.03833",
	archivePrefix = "arXiv",
	primaryClass = "astro-ph.CO",
	doi = "10.1103/PhysRevD.101.083008",
	journal = "Phys. Rev. D",
	volume = "101",
	number = "8",
	pages = "083008",
	year = "2020"
}

@article{Gow:2020cou,
	author = "Gow, Andrew D. and Byrnes, Christian T. and Hall, Alex",
	title = "{Accurate model for the primordial black hole mass distribution from a peak in the power spectrum}",
	eprint = "2009.03204",
	archivePrefix = "arXiv",
	primaryClass = "astro-ph.CO",
	doi = "10.1103/PhysRevD.105.023503",
	journal = "Phys. Rev. D",
	volume = "105",
	number = "2",
	pages = "023503",
	year = "2022"
}

@article{Carr:2016hva,
	author = "Carr, B. J. and Kohri, Kazunori and Sendouda, Yuuiti and Yokoyama, Jun'ichi",
	title = "{Constraints on primordial black holes from the Galactic gamma-ray background}",
	eprint = "1604.05349",
	archivePrefix = "arXiv",
	primaryClass = "astro-ph.CO",
	reportNumber = "RESCEU-16-16, KEK-TH-1895, KEK-COSMO-193",
	doi = "10.1103/PhysRevD.94.044029",
	journal = "Phys. Rev. D",
	volume = "94",
	number = "4",
	pages = "044029",
	year = "2016"
}

@article{Yokoyama:1998xd,
	author = "Yokoyama, Jun'ichi",
	title = "{Cosmological constraints on primordial black holes produced in the near critical gravitational collapse}",
	eprint = "gr-qc/9804041",
	archivePrefix = "arXiv",
	reportNumber = "YITP-98-23, SU-ITP-98-18",
	doi = "10.1103/PhysRevD.58.107502",
	journal = "Phys. Rev. D",
	volume = "58",
	pages = "107502",
	year = "1998"
}

@article{Niemeyer:1997mt,
	author = "Niemeyer, Jens C. and Jedamzik, K.",
	title = "{Near-critical gravitational collapse and the initial mass function of primordial black holes}",
	eprint = "astro-ph/9709072",
	archivePrefix = "arXiv",
	doi = "10.1103/PhysRevLett.80.5481",
	journal = "Phys. Rev. Lett.",
	volume = "80",
	pages = "5481--5484",
	year = "1998"
}

@article{Liu:2019rnx,
    author         = "Liu, Lang and Guo, Zong-Kuan and Cai, Rong-Gen",
    title          = "{Effects of the merger history on the merger rate density
    of primordial black hole binaries}",
    journal        = "Eur. Phys. J.",
    volume         = "C79",
    year           = "2019",
    number         = "8",
    pages          = "717",
    doi            = "10.1140/epjc/s10052-019-7227-0",
    eprint         = "1901.07672",
    archivePrefix  = "arXiv",
    primaryClass   = "astro-ph.CO",
    SLACcitation   = "%%CITATION = ARXIV:1901.07672;%%"
}

@article{Carr:2016drx,
    author         = "Carr, Bernard and Kuhnel, Florian and Sandstad, Marit",
    title          = "{Primordial Black Holes as Dark Matter}",
    journal        = "Phys. Rev.",
    volume         = "D94",
    year           = "2016",
    number         = "8",
    pages          = "083504",
    doi            = "10.1103/PhysRevD.94.083504",
    eprint         = "1607.06077",
    archivePrefix  = "arXiv",
    primaryClass   = "astro-ph.CO",
    reportNumber   = "NORDITA-2016-83",
    SLACcitation   = "%%CITATION = ARXIV:1607.06077;%%"
}

@article{Kannike:2017bxn,
    author         = "Kannike, Kristjan and Marzola, Luca and Raidal, Martti
    and VeermÃ¤e, Hardi",
    title          = "{Single Field Double Inflation and Primordial Black
    Holes}",
    journal        = "JCAP",
    volume         = "1709",
    year           = "2017",
    number         = "09",
    pages          = "020",
    doi            = "10.1088/1475-7516/2017/09/020",
    eprint         = "1705.06225",
    archivePrefix  = "arXiv",
    primaryClass   = "astro-ph.CO",
    SLACcitation   = "%%CITATION = ARXIV:1705.06225;%%"
}

@article{Green:2016xgy,
    author         = "Green, Anne M.",
    title          = "{Microlensing and dynamical constraints on primordial
    black hole dark matter with an extended mass function}",
    journal        = "Phys. Rev.",
    volume         = "D94",
    year           = "2016",
    number         = "6",
    pages          = "063530",
    doi            = "10.1103/PhysRevD.94.063530",
    eprint         = "1609.01143",
    archivePrefix  = "arXiv",
    primaryClass   = "astro-ph.CO",
    SLACcitation   = "%%CITATION = ARXIV:1609.01143;%%"
}

@article{Carr:2017jsz,
    author         = "Carr, Bernard and Raidal, Martti and Tenkanen, Tommi and
    Vaskonen, Ville and VeermÃ¤e, Hardi",
    title          = "{Primordial black hole constraints for extended mass
    functions}",
    journal        = "Phys. Rev.",
    volume         = "D96",
    year           = "2017",
    number         = "2",
    pages          = "023514",
    doi            = "10.1103/PhysRevD.96.023514",
    eprint         = "1705.05567",
    archivePrefix  = "arXiv",
    primaryClass   = "astro-ph.CO",
    SLACcitation   = "%%CITATION = ARXIV:1705.05567;%%"
}

@article{Gow:2019pok,
    author         = "Gow, Andrew D. and Byrnes, Christian T. and Hall, Alex
    and Peacock, John A.",
    title          = "{Primordial black hole merger rates: distributions for
    multiple LIGO observables}",
    journal        = "JCAP",
    volume         = "2001",
    year           = "2020",
    number         = "01",
    pages          = "031",
    doi            = "10.1088/1475-7516/2020/01/031",
    eprint         = "1911.12685",
    archivePrefix  = "arXiv",
    primaryClass   = "astro-ph.CO",
    SLACcitation   = "%%CITATION = ARXIV:1911.12685;%%"
}

@article{Dasgupta:2019cae,
    author         = "Dasgupta, Basudeb and Laha, Ranjan and Ray, Anupam",
    title          = "{Neutrino and positron constraints on spinning primordial
    black hole dark matter}",
    year           = "2019",
    eprint         = "1912.01014",
    archivePrefix  = "arXiv",
    primaryClass   = "hep-ph",
    reportNumber   = "CERN-TH-2019-212, TIFR/TH/19-40",
    SLACcitation   = "%%CITATION = ARXIV:1912.01014;%%"
}

@article{Laha:2019ssq,
    author         = "Laha, Ranjan",
    title          = "{Primordial black holes as a dark matter candidate are
    severely constrained by the Galactic Center 511 keV
    gamma-ray line}",
    journal        = "Phys. Rev. Lett.",
    volume         = "123",
    year           = "2019",
    number         = "25",
    pages          = "251101",
    doi            = "10.1103/PhysRevLett.123.251101",
    eprint         = "1906.09994",
    archivePrefix  = "arXiv",
    primaryClass   = "astro-ph.HE",
    reportNumber   = "CERN-TH-2019-099",
    SLACcitation   = "%%CITATION = ARXIV:1906.09994;%%"
}

@article{Montero-Camacho:2019jte,
    author         = "Montero-Camacho, Paulo and Fang, Xiao and Vasquez,
    Gabriel and Silva, Makana and Hirata, Christopher M.",
    title          = "{Revisiting constraints on asteroid-mass primordial black
    holes as dark matter candidates}",
    journal        = "JCAP",
    volume         = "1908",
    year           = "2019",
    pages          = "031",
    doi            = "10.1088/1475-7516/2019/08/031",
    eprint         = "1906.05950",
    archivePrefix  = "arXiv",
    primaryClass   = "astro-ph.CO",
    SLACcitation   = "%%CITATION = ARXIV:1906.05950;%%"
}

@article{Bartolo:2018evs,
    author         = "Bartolo, N. and De Luca, V. and Franciolini, G. and
    Lewis, A. and Peloso, M. and Riotto, A.",
    title          = "{Primordial Black Hole Dark Matter: LISA Serendipity}",
    journal        = "Phys. Rev. Lett.",
    volume         = "122",
    year           = "2019",
    number         = "21",
    pages          = "211301",
    doi            = "10.1103/PhysRevLett.122.211301",
    eprint         = "1810.12218",
    archivePrefix  = "arXiv",
    primaryClass   = "astro-ph.CO",
    SLACcitation   = "%%CITATION = ARXIV:1810.12218;%%"
}

@article{Bartolo:2018rku,
    author         = "Bartolo, N. and De Luca, V. and Franciolini, G. and
    Peloso, M. and Racco, D. and Riotto, A.",
    title          = "{Testing primordial black holes as dark matter with
    LISA}",
    journal        = "Phys. Rev.",
    volume         = "D99",
    year           = "2019",
    number         = "10",
    pages          = "103521",
    doi            = "10.1103/PhysRevD.99.103521",
    eprint         = "1810.12224",
    archivePrefix  = "arXiv",
    primaryClass   = "astro-ph.CO",
    SLACcitation   = "%%CITATION = ARXIV:1810.12224;%%"
}

@article{DeLuca:2019ufz,
    author = "De Luca, V. and Franciolini, G. and Kehagias, A. and Riotto, A.",
    title = "{On the Gauge Invariance of Cosmological Gravitational Waves}",
    eprint = "1911.09689",
    archivePrefix = "arXiv",
    primaryClass = "gr-qc",
    doi = "10.1088/1475-7516/2020/03/014",
    journal = "JCAP",
    volume = "03",
    pages = "014",
    year = "2020"
}

@article{Wang:2022nml,
    author = "Wang, Xinpeng and Zhang, Ying-li and Kimura, Rampei and Yamaguchi, Masahide",
    title = "{Reconstruction of Power Spectrum of Primordial Curvature Perturbations on small scales from Primordial Black Hole Binaries scenario of LIGO/VIRGO detection}",
    eprint = "2209.12911",
    archivePrefix = "arXiv",
    primaryClass = "astro-ph.CO",
    month = "9",
    year = "2022"
}

@article{Cai:2019elf,
    author = "Cai, Rong-Gen and Pi, Shi and Wang, Shao-Jiang and Yang, Xing-Yu",
    title = "{Pulsar Timing Array Constraints on the Induced Gravitational Waves}",
    eprint = "1907.06372",
    archivePrefix = "arXiv",
    primaryClass = "astro-ph.CO",
    doi = "10.1088/1475-7516/2019/10/059",
    journal = "JCAP",
    volume = "10",
    pages = "059",
    year = "2019"
}

@article{Cai:2018dig,
    author         = "Cai, Rong-gen and Pi, Shi and Sasaki, Misao",
    title          = "{Gravitational Waves Induced by non-Gaussian Scalar
    Perturbations}",
    journal        = "Phys. Rev. Lett.",
    volume         = "122",
    year           = "2019",
    number         = "20",
    pages          = "201101",
    doi            = "10.1103/PhysRevLett.122.201101",
    eprint         = "1810.11000",
    archivePrefix  = "arXiv",
    primaryClass   = "astro-ph.CO",
    reportNumber   = "IPMU18-0172, YITP-18-114",
    SLACcitation   = "%%CITATION = ARXIV:1810.11000;%%"
}

@article{Vaskonen:2019jpv,
    author         = "Vaskonen, Ville and VeermÃ¤e, Hardi",
    title          = "{A lower bound on the primordial black hole merger rate}",
    year           = "2019",
    eprint         = "1908.09752",
    archivePrefix  = "arXiv",
    primaryClass   = "astro-ph.CO",
    reportNumber   = "CERN-TH-2019-141, KCL-PH-TH/2019-69",
    SLACcitation   = "%%CITATION = ARXIV:1908.09752;%%"
}

@article{Cai:2019bmk,
    author = "Cai, Rong-Gen and Guo, Zong-Kuan and Liu, Jing and Liu, Lang and Yang, Xing-Yu",
    title = "{Primordial black holes and gravitational waves from parametric amplification of curvature perturbations}",
    eprint = "1912.10437",
    archivePrefix = "arXiv",
    primaryClass = "astro-ph.CO",
    doi = "10.1088/1475-7516/2020/06/013",
    journal = "JCAP",
    volume = "06",
    pages = "013",
    year = "2020"
}


@article{Liu:2020cds,
    author         = "Liu, Lang and Guo, Zong-Kuan and Cai, Rong-Gen and Kim,
    Sang Pyo",
    title          = "{Merger rate distribution of primordial black hole
    binaries with electric charges}",
    year           = "2020",
    eprint         = "2001.02984",
    archivePrefix  = "arXiv",
    primaryClass   = "astro-ph.CO",
    SLACcitation   = "%%CITATION = ARXIV:2001.02984;%%"
}

@article{Yuan:2019fwv,
	author = "Yuan, Chen and Chen, Zu-Cheng and Huang, Qing-Guo",
	title = "{Scalar induced gravitational waves in different gauges}",
	eprint = "1912.00885",
	archivePrefix = "arXiv",
	primaryClass = "astro-ph.CO",
	doi = "10.1103/PhysRevD.101.063018",
	journal = "Phys. Rev. D",
	volume = "101",
	number = "6",
	pages = "063018",
	year = "2020"
}

@article{Chen:2019xse,
	author = "Chen, Zu-Cheng and Yuan, Chen and Huang, Qing-Guo",
	title = "{Pulsar Timing Array Constraints on Primordial Black Holes with NANOGrav 11-Year Dataset}",
	eprint = "1910.12239",
	archivePrefix = "arXiv",
	primaryClass = "astro-ph.CO",
	doi = "10.1103/PhysRevLett.124.251101",
	journal = "Phys. Rev. Lett.",
	volume = "124",
	number = "25",
	pages = "251101",
	year = "2020"
}


@article{Yuan:2019wwo,
	author = "Yuan, Chen and Chen, Zu-Cheng and Huang, Qing-Guo",
	title = "{Log-dependent slope of scalar induced gravitational waves in the infrared regions}",
	eprint = "1910.09099",
	archivePrefix = "arXiv",
	primaryClass = "astro-ph.CO",
	doi = "10.1103/PhysRevD.101.043019",
	journal = "Phys. Rev. D",
	volume = "101",
	number = "4",
	pages = "043019",
	year = "2020"
}


@article{Yuan:2019udt,
      author         = "Yuan, Chen and Chen, Zu-Cheng and Huang, Qing-Guo",
      title          = "{Probing primordialâ€“black-hole dark matter with scalar
                        induced gravitational waves}",
      journal        = "Phys. Rev.",
      volume         = "D100",
      year           = "2019",
      number         = "8",
      pages          = "081301",
      doi            = "10.1103/PhysRevD.100.081301",
      eprint         = "1906.11549",
      archivePrefix  = "arXiv",
      primaryClass   = "astro-ph.CO",
      SLACcitation   = "%%CITATION = ARXIV:1906.11549;%%"
}

@article{Chen:2019irf,
    author = "Chen, Zu-Cheng and Huang, Qing-Guo",
    title = "{Distinguishing Primordial Black Holes from Astrophysical Black Holes by Einstein Telescope and Cosmic Explorer}",
    eprint = "1904.02396",
    archivePrefix = "arXiv",
    primaryClass = "astro-ph.CO",
    doi = "10.1088/1475-7516/2020/08/039",
    journal = "JCAP",
    volume = "08",
    pages = "039",
    year = "2020"
}

@article{Clesse:2016ajp,
	author         = "Clesse, Sebastien and GarcÃ­a-Bellido, Juan",
	title          = "{Detecting the gravitational wave background from
	primordial black hole dark matter}",
	journal        = "Phys. Dark Univ.",
	volume         = "18",
	year           = "2017",
	pages          = "105-114",
	doi            = "10.1016/j.dark.2017.10.001",
	eprint         = "1610.08479",
	archivePrefix  = "arXiv",
	primaryClass   = "astro-ph.CO",
	reportNumber   = "TTK-16-42, IFT-UAM-CSIC-16-098",
	SLACcitation   = "%%CITATION = ARXIV:1610.08479;%%"
}

@article{Clesse:2016vqa,
	author         = "Clesse, Sebastien and GarcÃ­a-Bellido, Juan",
	title          = "{The clustering of massive Primordial Black Holes as Dark
	Matter: measuring their mass distribution with Advanced
	LIGO}",
	journal        = "Phys. Dark Univ.",
	volume         = "15",
	year           = "2017",
	pages          = "142-147",
	doi            = "10.1016/j.dark.2016.10.002",
	eprint         = "1603.05234",
	archivePrefix  = "arXiv",
	primaryClass   = "astro-ph.CO",
	reportNumber   = "TTK-16-10, IFT-UAM-CSIC-16-027",
	SLACcitation   = "%%CITATION = ARXIV:1603.05234;%%"
}

@article{DOrazio:2018jnv,
	author         = "D'Orazio, Daniel J. and Samsing, Johan",
	title          = "{Black Hole Mergers From Globular Clusters Observable by
	LISA II: Resolved Eccentric Sources and the Gravitational
	Wave Background}",
	year           = "2018",
	doi            = "10.1093/mnras/sty2568",
	eprint         = "1805.06194",
	archivePrefix  = "arXiv",
	primaryClass   = "astro-ph.HE",
	SLACcitation   = "%%CITATION = ARXIV:1805.06194;%%"
}

@article{Allen:1997ad,
    author         = "Allen, Bruce and Romano, Joseph D.",
    title          = "{Detecting a stochastic background of gravitational
    radiation: Signal processing strategies and
    sensitivities}",
    journal        = "Phys. Rev.",
    volume         = "D59",
    year           = "1999",
    pages          = "102001",
    doi            = "10.1103/PhysRevD.59.102001",
    eprint         = "gr-qc/9710117",
    archivePrefix  = "arXiv",
    primaryClass   = "gr-qc",
    reportNumber   = "WISC-MILW-97-TH-14",
    SLACcitation   = "%%CITATION = GR-QC/9710117;%%"
}

@article{Phinney:2001di,
    author         = "Phinney, E. S.",
    title          = "{A Practical theorem on gravitational wave backgrounds}",
    year           = "2001",
    journal         = "astro-ph/0108028"
}

@article{Zhu:2012xw,
    author         = "Zhu, Xing-Jiang and Howell, Eric J. and Blair, David G.
    and Zhu, Zong-Hong",
    title          = "{On the gravitational wave background from compact binary
    coalescences in the band of ground-based interferometers}",
    journal        = "Mon. Not. Roy. Astron. Soc.",
    volume         = "431",
    year           = "2013",
    number         = "1",
    pages          = "882-899",
    doi            = "10.1093/mnras/stt207",
    eprint         = "1209.0595",
    archivePrefix  = "arXiv",
    primaryClass   = "gr-qc",
    reportNumber   = "LIGO-P1200105-V2",
    SLACcitation   = "%%CITATION = ARXIV:1209.0595;%%"
}

@article{Abbott:2016blz,
      author         = "Abbott, B. P. and others",
      title          = "{Observation of Gravitational Waves from a Binary Black
                        Hole Merger}",
      collaboration  = "Virgo, LIGO Scientific",
      journal        = "Phys. Rev. Lett.",
      volume         = "116",
      year           = "2016",
      number         = "6",
      pages          = "061102",
      doi            = "10.1103/PhysRevLett.116.061102",
      eprint         = "1602.03837",
      archivePrefix  = "arXiv",
      primaryClass   = "gr-qc",
      reportNumber   = "LIGO-P150914",
      SLACcitation   = "%%CITATION = ARXIV:1602.03837;%%"
}

@article{TheLIGOScientific:2016qqj,
    author         = "Abbott, B. P. and others",
    title          = "{GW150914: First results from the search for binary black
        hole coalescence with Advanced LIGO}",
    collaboration  = "Virgo, LIGO Scientific",
    journal        = "Phys. Rev.",
    volume         = "D93",
    year           = "2016",
    number         = "12",
    pages          = "122003",
    doi            = "10.1103/PhysRevD.93.122003",
    eprint         = "1602.03839",
    archivePrefix  = "arXiv",
    primaryClass   = "gr-qc",
    reportNumber   = "LIGO-P1500269",
    SLACcitation   = "%%CITATION = ARXIV:1602.03839;%%"
}

@article{TheLIGOScientific:2016pea,
    author         = "Abbott, B. P. and others",
    title          = "{Binary Black Hole Mergers in the first Advanced LIGO
        Observing Run}",
    collaboration  = "Virgo, LIGO Scientific",
    journal        = "Phys. Rev.",
    volume         = "X6",
    year           = "2016",
    number         = "4",
    pages          = "041015",
    doi            = "10.1103/PhysRevX.6.041015",
    eprint         = "1606.04856",
    archivePrefix  = "arXiv",
    primaryClass   = "gr-qc",
    reportNumber   = "LIGO-P1600088",
    SLACcitation   = "%%CITATION = ARXIV:1606.04856;%%"
}

@article{Abbott:2016nmj,
    author         = "Abbott, B. P. and others",
    title          = "{GW151226: Observation of Gravitational Waves from a
        22-Solar-Mass Binary Black Hole Coalescence}",
    collaboration  = "Virgo, LIGO Scientific",
    journal        = "Phys. Rev. Lett.",
    volume         = "116",
    year           = "2016",
    number         = "24",
    pages          = "241103",
    doi            = "10.1103/PhysRevLett.116.241103",
    eprint         = "1606.04855",
    archivePrefix  = "arXiv",
    primaryClass   = "gr-qc",
    reportNumber   = "LIGO-P151226",
    SLACcitation   = "%%CITATION = ARXIV:1606.04855;%%"
}

@article{Abbott:2017vtc,
    author         = "Abbott, B. P. and others",
    title          = "{GW170104: Observation of a 50-Solar-Mass Binary Black
        Hole Coalescence at Redshift 0.2}",
    collaboration  = "VIRGO, LIGO Scientific",
    journal        = "Phys. Rev. Lett.",
    volume         = "118",
    year           = "2017",
    number         = "22",
    pages          = "221101",
    doi            = "10.1103/PhysRevLett.118.221101",
    eprint         = "1706.01812",
    archivePrefix  = "arXiv",
    primaryClass   = "gr-qc",
    reportNumber   = "LIGO-P170104",
    SLACcitation   = "%%CITATION = ARXIV:1706.01812;%%"
}

@article{Abbott:2017gyy,
    author         = "Abbott, B. P. and others",
    title          = "{GW170608: Observation of a 19-solar-mass Binary Black
        Hole Coalescence}",
    collaboration  = "Virgo, LIGO Scientific",
    journal        = "Astrophys. J.",
    volume         = "851",
    year           = "2017",
    number         = "2",
    pages          = "L35",
    doi            = "10.3847/2041-8213/aa9f0c",
    eprint         = "1711.05578",
    archivePrefix  = "arXiv",
    primaryClass   = "astro-ph.HE",
    reportNumber   = "LIGO-DOCUMENT-P170608-V8",
    SLACcitation   = "%%CITATION = ARXIV:1711.05578;%%"
}

@article{Abbott:2017oio,
    author         = "Abbott, B. P. and others",
    title          = "{GW170814: A Three-Detector Observation of Gravitational
        Waves from a Binary Black Hole Coalescence}",
    collaboration  = "Virgo, LIGO Scientific",
    journal        = "Phys. Rev. Lett.",
    volume         = "119",
    year           = "2017",
    number         = "14",
    pages          = "141101",
    doi            = "10.1103/PhysRevLett.119.141101",
    eprint         = "1709.09660",
    archivePrefix  = "arXiv",
    primaryClass   = "gr-qc",
    SLACcitation   = "%%CITATION = ARXIV:1709.09660;%%"
}

@article{TheLIGOScientific:2017qsa,
    author         = "Abbott, B.â€‰P. and others",
    title          = "{GW170817: Observation of Gravitational Waves from a
    Binary Neutron Star Inspiral}",
    collaboration  = "Virgo, LIGO Scientific",
    journal        = "Phys. Rev. Lett.",
    volume         = "119",
    year           = "2017",
    number         = "16",
    pages          = "161101",
    doi            = "10.1103/PhysRevLett.119.161101",
    eprint         = "1710.05832",
    archivePrefix  = "arXiv",
    primaryClass   = "gr-qc",
    reportNumber   = "LIGO-P170817",
    SLACcitation   = "%%CITATION = ARXIV:1710.05832;%%"
}


@article{Ali-Haimoud:2017rtz,
    author         = "Ali-HaÃ¯moud, Yacine and Kovetz, Ely D. and Kamionkowski,
    Marc",
    title          = "{Merger rate of primordial black-hole binaries}",
    journal        = "Phys. Rev.",
    volume         = "D96",
    year           = "2017",
    number         = "12",
    pages          = "123523",
    doi            = "10.1103/PhysRevD.96.123523",
    eprint         = "1709.06576",
    archivePrefix  = "arXiv",
    primaryClass   = "astro-ph.CO",
    SLACcitation   = "%%CITATION = ARXIV:1709.06576;%%"
}

@article{TheLIGOScientific:2016wyq,
    author         = "Abbott, B. P. and others",
    title          = "{GW150914: Implications for the stochastic gravitational
    wave background from binary black holes}",
    collaboration  = "Virgo, LIGO Scientific",
    journal        = "Phys. Rev. Lett.",
    volume         = "116",
    year           = "2016",
    number         = "13",
    pages          = "131102",
    doi            = "10.1103/PhysRevLett.116.131102",
    eprint         = "1602.03847",
    archivePrefix  = "arXiv",
    primaryClass   = "gr-qc",
    reportNumber   = "LIGO-P1500222",
    SLACcitation   = "%%CITATION = ARXIV:1602.03847;%%"
}

@article{TheLIGOScientific:2016dpb,
    author         = "Abbott, B. P. and others",
    title          = "{Upper Limits on the Stochastic Gravitational-Wave
    Background from Advanced LIGOâ€™s First Observing Run}",
    collaboration  = "Virgo, LIGO Scientific",
    journal        = "Phys. Rev. Lett.",
    volume         = "118",
    year           = "2017",
    number         = "12",
    pages          = "121101",
    doi            = "10.1103/PhysRevLett.118.121101,
    10.1103/PhysRevLett.119.029901",
    note           = "[Erratum: Phys. Rev. Lett.119,no.2,029901(2017)]",
    eprint         = "1612.02029",
    archivePrefix  = "arXiv",
    primaryClass   = "gr-qc",
    SLACcitation   = "%%CITATION = ARXIV:1612.02029;%%"
}


@article{Bird:2016dcv,
    author         = "Bird, Simeon and Cholis, Ilias and MuÃ±oz, Julian B. and
    Ali-HaÃ¯moud, Yacine and Kamionkowski, Marc and Kovetz,
    Ely D. and Raccanelli, Alvise and Riess, Adam G.",
    title          = "{Did LIGO detect dark matter?}",
    journal        = "Phys. Rev. Lett.",
    volume         = "116",
    year           = "2016",
    number         = "20",
    pages          = "201301",
    doi            = "10.1103/PhysRevLett.116.201301",
    eprint         = "1603.00464",
    archivePrefix  = "arXiv",
    primaryClass   = "astro-ph.CO",
    SLACcitation   = "%%CITATION = ARXIV:1603.00464;%%"
}

@article{Mandic:2016lcn,
    author         = "Mandic, Vuk and Bird, Simeon and Cholis, Ilias",
    title          = "{Stochastic Gravitational-Wave Background due to
    Primordial Binary Black Hole Mergers}",
    journal        = "Phys. Rev. Lett.",
    volume         = "117",
    year           = "2016",
    number         = "20",
    pages          = "201102",
    doi            = "10.1103/PhysRevLett.117.201102",
    eprint         = "1608.06699",
    archivePrefix  = "arXiv",
    primaryClass   = "astro-ph.CO",
    reportNumber   = "LIGO-P1600241",
    SLACcitation   = "%%CITATION = ARXIV:1608.06699;%%"
}

@article{Garcia-Bellido:2017fdg,
    author         = "GarcÃ­a-Bellido, Juan",
    title          = "{Massive Primordial Black Holes as Dark Matter and their
    detection with Gravitational Waves}",
    booktitle      = "{Proceedings, 11th International LISA Symposium: Zurich,
    Switzerland, September 5-9, 2016}",
    journal        = "J. Phys. Conf. Ser.",
    volume         = "840",
    year           = "2017",
    number         = "1",
    pages          = "012032",
    doi            = "10.1088/1742-6596/840/1/012032",
    eprint         = "1702.08275",
    archivePrefix  = "arXiv",
    primaryClass   = "astro-ph.CO",
    reportNumber   = "IFT-UAM-CSIC-17-016",
    SLACcitation   = "%%CITATION = ARXIV:1702.08275;%%"
}

@article{Sasaki:2018dmp,
    author         = "Sasaki, Misao and Suyama, Teruaki and Tanaka, Takahiro
    and Yokoyama, Shuichiro",
    title          = "{Primordial black holesâ€”perspectives in gravitational
    wave astronomy}",
    journal        = "Class. Quant. Grav.",
    volume         = "35",
    year           = "2018",
    number         = "6",
    pages          = "063001",
    doi            = "10.1088/1361-6382/aaa7b4",
    eprint         = "1801.05235",
    archivePrefix  = "arXiv",
    primaryClass   = "astro-ph.CO",
    SLACcitation   = "%%CITATION = ARXIV:1801.05235;%%"
}

@article{Nakamura:1997sm,
    author         = "Nakamura, Takashi and Sasaki, Misao and Tanaka, Takahiro
    and Thorne, Kip S.",
    title          = "{Gravitational waves from coalescing black hole MACHO
    binaries}",
    journal        = "Astrophys. J.",
    volume         = "487",
    year           = "1997",
    pages          = "L139-L142",
    doi            = "10.1086/310886",
    eprint         = "astro-ph/9708060",
    archivePrefix  = "arXiv",
    reportNumber   = "YITP-97-17, OU-TAP-60, GRP-479",
    SLACcitation   = "%%CITATION = ASTRO-PH/9708060;%%"
}

@article{Sasaki:2016jop,
    author         = "Sasaki, Misao and Suyama, Teruaki and Tanaka, Takahiro
    and Yokoyama, Shuichiro",
    title          = "{Primordial Black Hole Scenario for the
    Gravitational-Wave Event GW150914}",
    journal        = "Phys. Rev. Lett.",
    volume         = "117",
    year           = "2016",
    number         = "6",
    pages          = "061101",
    doi            = "10.1103/PhysRevLett.117.061101",
    eprint         = "1603.08338",
    archivePrefix  = "arXiv",
    primaryClass   = "astro-ph.CO",
    reportNumber   = "RESCEU-17-16, RUP-16-7, YITP-16-43",
    SLACcitation   = "%%CITATION = ARXIV:1603.08338;%%"
}

@article{Dolgov:1992pu,
    author         = "Dolgov, Alexandre and Silk, Joseph",
    title          = "{Baryon isocurvature fluctuations at small scales and
    baryonic dark matter}",
    journal        = "Phys. Rev.",
    volume         = "D47",
    year           = "1993",
    pages          = "4244-4255",
    doi            = "10.1103/PhysRevD.47.4244",
    reportNumber   = "CFPA-TH-92-04",
    SLACcitation   = "%%CITATION = PHRVA,D47,4244;%%"
}

@article{Raidal:2017mfl,
    author         = "Raidal, Martti and Vaskonen, Ville and VeermÃ¤e, Hardi",
    title          = "{Gravitational Waves from Primordial Black Hole Mergers}",
    journal        = "JCAP",
    volume         = "1709",
    year           = "2017",
    pages          = "037",
    doi            = "10.1088/1475-7516/2017/09/037",
    eprint         = "1707.01480",
    archivePrefix  = "arXiv",
    primaryClass   = "astro-ph.CO",
    SLACcitation   = "%%CITATION = ARXIV:1707.01480;%%"
}

@article{Wang:2016ana,
    author         = "Wang, Sai and Wang, Yi-Fan and Huang, Qing-Guo and Li,
    Tjonnie G. F.",
    title          = "{Constraints on the Primordial Black Hole Abundance from the First Advanced LIGO Observation Run Using the Stochastic Gravitational-Wave Background}",
    journal        = "Phys. Rev. Lett.",
    volume         = "120",
    year           = "2018",
    number         = "19",
    pages          = "191102",
    doi            = "10.1103/PhysRevLett.120.191102",
    eprint         = "1610.08725",
    archivePrefix  = "arXiv",
    primaryClass   = "astro-ph.CO",
    SLACcitation   = "%%CITATION = ARXIV:1610.08725;%%"
}

@article{Cornish:2017vip,
    author         = "Cornish, Neil and Robson, Travis",
    title          = "{Galactic binary science with the new LISA design}",
    booktitle      = "{Proceedings, 11th International LISA Symposium: Zurich,
    Switzerland, September 5-9, 2016}",
    journal        = "J. Phys. Conf. Ser.",
    volume         = "840",
    year           = "2017",
    number         = "1",
    pages          = "012024",
    doi            = "10.1088/1742-6596/840/1/012024",
    eprint         = "1703.09858",
    archivePrefix  = "arXiv",
    primaryClass   = "astro-ph.IM",
    SLACcitation   = "%%CITATION = ARXIV:1703.09858;%%"
}

@article{Audley:2017drz,
    author         = "Audley, Heather and others",
    title          = "{Laser Interferometer Space Antenna}",
    year           = "2017",
    journal = {arXiv:1702.00786 [astro-ph.IM]}
}

@article{Abbott:2017xzg,
    author         = "Abbott, Benjamin P. and others",
    title          = "{GW170817: Implications for the Stochastic
    Gravitational-Wave Background from Compact Binary
    Coalescences}",
    collaboration  = "Virgo, LIGO Scientific",
    journal        = "Phys. Rev. Lett.",
    volume         = "120",
    year           = "2018",
    number         = "9",
    pages          = "091101",
    doi            = "10.1103/PhysRevLett.120.091101",
    eprint         = "1710.05837",
    archivePrefix  = "arXiv",
    primaryClass   = "gr-qc",
    reportNumber   = "LIGO-P1700272",
    SLACcitation   = "%%CITATION = ARXIV:1710.05837;%%"
}

@article{Christensen:1992wi,
    author         = "Christensen, N.",
    title          = "{Measuring the stochastic gravitational radiation
    background with laser interferometric antennas}",
    journal        = "Phys. Rev.",
    volume         = "D46",
    year           = "1992",
    pages          = "5250-5266",
    doi            = "10.1103/PhysRevD.46.5250",
    SLACcitation   = "%%CITATION = PHRVA,D46,5250;%%"
}

@article{Zhu:2011bd,
    author         = "Zhu, Xing-Jiang and Howell, E. and Regimbau, T. and
    Blair, D. and Zhu, Zong-Hong",
    title          = "{Stochastic Gravitational Wave Background from Coalescing
    Binary Black Holes}",
    journal        = "Astrophys. J.",
    volume         = "739",
    year           = "2011",
    pages          = "86",
    doi            = "10.1088/0004-637X/739/2/86",
    eprint         = "1104.3565",
    archivePrefix  = "arXiv",
    primaryClass   = "gr-qc",
    reportNumber   = "LIGO-P1000181-V3",
    SLACcitation   = "%%CITATION = ARXIV:1104.3565;%%"
}

@article{Ade:2015xua,
    author         = "Ade, P. A. R. and others",
    title          = "{Planck 2015 results. XIII. Cosmological parameters}",
    collaboration  = "Planck",
    journal        = "Astron. Astrophys.",
    volume         = "594",
    year           = "2016",
    pages          = "A13",
    doi            = "10.1051/0004-6361/201525830",
    eprint         = "1502.01589",
    archivePrefix  = "arXiv",
    primaryClass   = "astro-ph.CO",
    SLACcitation   = "%%CITATION = ARXIV:1502.01589;%%"
}

@article{Ajith:2007kx,
    author         = "Ajith, P. and others",
    title          = "{A Template bank for gravitational waveforms from
    coalescing binary black holes. I. Non-spinning binaries}",
    journal        = "Phys. Rev.",
    volume         = "D77",
    year           = "2008",
    pages          = "104017",
    doi            = "10.1103/PhysRevD.79.129901, 10.1103/PhysRevD.77.104017",
    note           = "[Erratum: Phys. Rev.D79,129901(2009)]",
    eprint         = "0710.2335",
    archivePrefix  = "arXiv",
    primaryClass   = "gr-qc",
    reportNumber   = "LIGO-P070111-00-Z, AEI-2007-143",
    SLACcitation   = "%%CITATION = ARXIV:0710.2335;%%"
}

@article{Chen:2018czv,
      author         = "Chen, Zu-Cheng and Huang, Qing-Guo",
      title          = "{Merger Rate Distribution of Primordial-Black-Hole
                        Binaries}",
      journal        = "Astrophys. J.",
      volume         = "864",
      year           = "2018",
      number         = "1",
      pages          = "61",
      doi            = "10.3847/1538-4357/aad6e2",
      eprint         = "1801.10327",
      archivePrefix  = "arXiv",
      primaryClass   = "astro-ph.CO",
      SLACcitation   = "%%CITATION = ARXIV:1801.10327;%%"
}



@article{Dvorkin:2016wac,
    author         = "Dvorkin, Irina and Vangioni, Elisabeth and Silk, Joseph
    and Uzan, Jean-Philippe and Olive, Keith A.",
    title          = "{Metallicity-constrained merger rates of binary black
    holes and the stochastic gravitational wave background}",
    journal        = "Mon. Not. Roy. Astron. Soc.",
    volume         = "461",
    year           = "2016",
    number         = "4",
    pages          = "3877-3885",
    doi            = "10.1093/mnras/stw1477",
    eprint         = "1604.04288",
    archivePrefix  = "arXiv",
    primaryClass   = "astro-ph.HE",
    SLACcitation   = "%%CITATION = ARXIV:1604.04288;%%"
}

@article{Belczynski:2016obo,
    author         = "Belczynski, Krzysztof and Holz, Daniel E. and Bulik,
    Tomasz and O'Shaughnessy, Richard",
    title          = "{The first gravitational-wave source from the isolated
    evolution of two 40-100 Msun stars}",
    journal        = "Nature",
    volume         = "534",
    year           = "2016",
    pages          = "512",
    doi            = "10.1038/nature18322",
    eprint         = "1602.04531",
    archivePrefix  = "arXiv",
    primaryClass   = "astro-ph.HE",
    SLACcitation   = "%%CITATION = ARXIV:1602.04531;%%"
}

@article{Caprini:2015zlo,
    author         = "Caprini, Chiara and others",
    title          = "{Science with the space-based interferometer eLISA. II:
    Gravitational waves from cosmological phase transitions}",
    journal        = "JCAP",
    volume         = "1604",
    year           = "2016",
    number         = "04",
    pages          = "001",
    doi            = "10.1088/1475-7516/2016/04/001",
    eprint         = "1512.06239",
    archivePrefix  = "arXiv",
    primaryClass   = "astro-ph.CO",
    reportNumber   = "DESY-15-246",
    SLACcitation   = "%%CITATION = ARXIV:1512.06239;%%"
}

@article{Schaerer:2001jc,
    author         = "Schaerer, Daniel",
    title          = "{On the Properties of massive population III stars and
    metal-free stellar populations}",
    journal        = "Astron. Astrophys.",
    volume         = "382",
    year           = "2002",
    pages          = "28-42",
    doi            = "10.1051/0004-6361:20011619",
    eprint         = "astro-ph/0110697",
    archivePrefix  = "arXiv",
    primaryClass   = "astro-ph",
    SLACcitation   = "%%CITATION = ASTRO-PH/0110697;%%"
}

@article{Woosley:1995ip,
    author         = "Woosley, S. E. and Weaver, T. A.",
    title          = "{The Evolution and explosion of massive stars. 2.
    Explosive hydrodynamics and nucleosynthesis}",
    journal        = "Astrophys. J. Suppl.",
    volume         = "101",
    year           = "1995",
    pages          = "181-235",
    doi            = "10.1086/192237",
    SLACcitation   = "%%CITATION = APJSA,101,181;%%"
}

@article{Nagamine:2003bd,
    author         = "Nagamine, Kentaro and Springel, Volker and Hernquist,
    Lars",
    title          = "{Abundance of damped Lyman-alpha absorbers in
    cosmological SPH simulations}",
    journal        = "Mon. Not. Roy. Astron. Soc.",
    volume         = "348",
    year           = "2004",
    pages          = "421",
    doi            = "10.1111/j.1365-2966.2004.07393.x",
    eprint         = "astro-ph/0302187",
    archivePrefix  = "arXiv",
    primaryClass   = "astro-ph",
    SLACcitation   = "%%CITATION = ASTRO-PH/0302187;%%"
}

@article{Regimbau:2008nj,
    author         = "Regimbau, T. and Mandic, V.",
    title          = "{Astrophysical Sources of Stochastic Gravitational-Wave
    Background}",
    booktitle      = "{Proceedings, 12th Workshop on Gravitational wave data
    analysis (GWDAW-12): Cambridge, USA, December 13-16,
    2007}",
    journal        = "Class. Quant. Grav.",
    volume         = "25",
    year           = "2008",
    pages          = "184018",
    doi            = "10.1088/0264-9381/25/18/184018",
    eprint         = "0806.2794",
    archivePrefix  = "arXiv",
    primaryClass   = "astro-ph",
    SLACcitation   = "%%CITATION = ARXIV:0806.2794;%%"
}

@article{Cutler:1993vq,
    author         = "Cutler, C. and Poisson, Eric and Sussman, G. J. and Finn,
    L. S.",
    title          = "{Gravitational radiation from a particle in circular
    orbit around a black hole. 2: Numerical results for the
    nonrotating case}",
    journal        = "Phys. Rev.",
    volume         = "D47",
    year           = "1993",
    pages          = "1511-1518",
    doi            = "10.1103/PhysRevD.47.1511",
    SLACcitation   = "%%CITATION = PHRVA,D47,1511;%%"
}

@article{Chernoff:1993th,
    author         = "Chernoff, David F. and Finn, Lee Samuel",
    title          = "{Gravitational radiation, inspiraling binaries, and
    cosmology}",
    journal        = "Astrophys. J.",
    volume         = "411",
    year           = "1993",
    pages          = "L5-L8",
    doi            = "10.1086/186898",
    eprint         = "gr-qc/9304020",
    archivePrefix  = "arXiv",
    primaryClass   = "gr-qc",
    reportNumber   = "NU-GR-4",
    SLACcitation   = "%%CITATION = GR-QC/9304020;%%"
}

@article{TheLIGOScientific:2016htt,
    author         = "Abbott, B. P. and others",
    title          = "{Astrophysical Implications of the Binary Black-Hole
    Merger GW150914}",
    collaboration  = "Virgo, LIGO Scientific",
    journal        = "Astrophys. J.",
    volume         = "818",
    year           = "2016",
    number         = "2",
    pages          = "L22",
    doi            = "10.3847/2041-8205/818/2/L22",
    eprint         = "1602.03846",
    archivePrefix  = "arXiv",
    primaryClass   = "astro-ph.HE",
    reportNumber   = "LIGO-P1500262",
    SLACcitation   = "%%CITATION = ARXIV:1602.03846;%%"
}


@article{Stevenson:2017tfq,
    author         = "Stevenson, Simon and Vigna-GÃ³mez, Alejandro and Mandel,
    Ilya and Barrett, Jim W. and Neijssel, Coenraad J. and
    Perkins, David and de Mink, Selma E.",
    title          = "{Formation of the first three gravitational-wave
    observations through isolated binary evolution}",
    journal = {Nature Commun.},
    year = 2017,
    month = apr,
    volume = 8,
    pages = {14906},
    doi            = "10.1038/ncomms14906",
    eprint         = "1704.01352",
    archivePrefix  = "arXiv",
    primaryClass   = "astro-ph.HE",
    SLACcitation   = "%%CITATION = ARXIV:1704.01352;%%"
}

@article{Belczynski:2010tb,
    author         = "Belczynski, K. and Dominik, M. and Bulik, T. and
    O'Shaughnessy, R. and Fryer, C. L. and Holz, D. E.",
    title          = "{The effect of metallicity on the detection prospects for
    gravitational waves}",
    journal        = "Astrophys. J.",
    volume         = "715",
    year           = "2010",
    pages          = "L138",
    doi            = "10.1088/2041-8205/715/2/L138",
    eprint         = "1004.0386",
    archivePrefix  = "arXiv",
    primaryClass   = "astro-ph.HE",
    reportNumber   = "LA-UR-10-01970",
    SLACcitation   = "%%CITATION = ARXIV:1004.0386;%%"
}

@article{Miller:2016krr,
    author         = "Coleman Miller, M.",
    title          = "{Implications of the gravitational wave event GW150914}",
    journal        = "Gen. Rel. Grav.",
    volume         = "48",
    year           = "2016",
    number         = "7",
    pages          = "95",
    doi            = "10.1007/s10714-016-2088-4",
    eprint         = "1606.06526",
    archivePrefix  = "arXiv",
    primaryClass   = "astro-ph.HE",
    SLACcitation   = "%%CITATION = ARXIV:1606.06526;%%"
}

@article{Ioka:1998nz,
    author         = "Ioka, Kunihito and Chiba, Takeshi and Tanaka, Takahiro
    and Nakamura, Takashi",
    title          = "{Black hole binary formation in the expanding universe:
    Three body problem approximation}",
    journal        = "Phys. Rev.",
    volume         = "D58",
    year           = "1998",
    pages          = "063003",
    doi            = "10.1103/PhysRevD.58.063003",
    eprint         = "astro-ph/9807018",
    archivePrefix  = "arXiv",
    primaryClass   = "astro-ph",
    reportNumber   = "KUNS-1493, YITP-98-13",
    SLACcitation   = "%%CITATION = ASTRO-PH/9807018;%%"
}

@ARTICLE{1989ApJ...343..725Q,
    author = {{Quinlan}, G.~D. and {Shapiro}, S.~L.},
    title = "{Dynamical evolution of dense clusters of compact stars}",
    journal = {\apj},
    keywords = {Black Holes (Astronomy), Fokker-Planck Equation, Galactic Nuclei, Neutron Stars, Star Clusters, Binary Stars, Gravitational Waves, Open Clusters, Stellar Motions},
    year = 1989,
    month = aug,
    volume = 343,
    pages = {725-749},
    doi = {10.1086/167745},
    adsurl = {http://adsabs.harvard.edu/abs/1989ApJ...343..725Q},
    adsnote = {Provided by the SAO/NASA Astrophysics Data System}
}

@article{Mouri:2002mc,
    author         = "Mouri, Hideaki and Taniguchi, Yoshiaki",
    title          = "{Runaway merging of black holes: analytical constraint on
    the timescale}",
    journal        = "Astrophys. J.",
    volume         = "566",
    year           = "2002",
    pages          = "L17-L20",
    doi            = "10.1086/339472",
    eprint         = "astro-ph/0201102",
    archivePrefix  = "arXiv",
    primaryClass   = "astro-ph",
    SLACcitation   = "%%CITATION = ASTRO-PH/0201102;%%"
}

@article{Aasi:2013wya,
      author         = "Abbott, B. P. and others",
      title          = "{Prospects for Observing and Localizing
                        Gravitational-Wave Transients with Advanced LIGO, Advanced
                        Virgo and KAGRA}",
      collaboration  = "VIRGO, KAGRA, LIGO Scientific",
      journal        = "Living Rev. Rel.",
      volume         = "21",
      year           = "2018",
      number         = "1",
      pages          = "3",
      doi            = "10.1007/s41114-018-0012-9, 10.1007/lrr-2016-1",
      eprint         = "1304.0670",
      archivePrefix  = "arXiv",
      primaryClass   = "gr-qc",
      reportNumber   = "LIGO-P1200087, VIR-0288A-12",
      SLACcitation   = "%%CITATION = ARXIV:1304.0670;%%"
}

@article{Hawking:1971ei,
      author         = "Hawking, Stephen",
      title          = "{Gravitationally collapsed objects of very low mass}",
      journal        = "Mon. Not. Roy. Astron. Soc.",
      volume         = "152",
      year           = "1971",
      pages          = "75",
      SLACcitation   = "%%CITATION = MNRAA,152,75;%%"
}

@article{Carr:1974nx,
      author         = "Carr, Bernard J. and Hawking, S. W.",
      title          = "{Black holes in the early Universe}",
      journal        = "Mon. Not. Roy. Astron. Soc.",
      volume         = "168",
      year           = "1974",
      pages          = "399-415",
      SLACcitation   = "%%CITATION = MNRAA,168,399;%%"
}

@article{Cornish:2018dyw,
      author         = "Cornish, Neil and Robson, Travis",
      title          = "{The construction and use of LISA sensitivity curves}",
      year           = "2018",
      journal         = "arXiv:1803.01944 [astro-ph.HE]"
}

@article{Thrane:2013oya,
      author         = "Thrane, Eric and Romano, Joseph D.",
      title          = "{Sensitivity curves for searches for gravitational-wave
                        backgrounds}",
      journal        = "Phys. Rev.",
      volume         = "D88",
      year           = "2013",
      number         = "12",
      pages          = "124032",
      doi            = "10.1103/PhysRevD.88.124032",
      eprint         = "1310.5300",
      archivePrefix  = "arXiv",
      primaryClass   = "astro-ph.IM",
      SLACcitation   = "%%CITATION = ARXIV:1310.5300;%%"
}

@article{Barack:2004wc,
      author         = "Barack, Leor and Cutler, Curt",
      title          = "{Confusion noise from LISA capture sources}",
      journal        = "Phys. Rev.",
      volume         = "D70",
      year           = "2004",
      pages          = "122002",
      doi            = "10.1103/PhysRevD.70.122002",
      eprint         = "gr-qc/0409010",
      archivePrefix  = "arXiv",
      primaryClass   = "gr-qc",
      SLACcitation   = "%%CITATION = GR-QC/0409010;%%"
}

@article{Abbott:2016nhf,
      author         = "Abbott, B. P. and others",
      title          = "{The Rate of Binary Black Hole Mergers Inferred from
                        Advanced LIGO Observations Surrounding GW150914}",
      collaboration  = "Virgo, LIGO Scientific",
      journal        = "Astrophys. J.",
      volume         = "833",
      year           = "2016",
      number         = "1",
      pages          = "L1",
      doi            = "10.3847/2041-8205/833/1/L1",
      eprint         = "1602.03842",
      archivePrefix  = "arXiv",
      primaryClass   = "astro-ph.HE",
      reportNumber   = "LIGO-P1500217",
      SLACcitation   = "%%CITATION = ARXIV:1602.03842;%%"
}


@article{Wysocki:2018mpo,
	author         = "Wysocki, Daniel and Lange, Jacob and O. 'shaughnessy,
	Richard",
	title          = "{Reconstructing phenomenological distributions of compact
	binaries via gravitational wave observations}",
	year           = "2018",
	eprint         = "1805.06442",
	archivePrefix  = "arXiv",
	primaryClass   = "gr-qc",
	reportNumber   = "LIGO P1800107, LIGO-P1800107",
	SLACcitation   = "%%CITATION = ARXIV:1805.06442;%%"
}


@article{Fishbach:2018edt,
      author         = "Fishbach, Maya and Holz, Daniel E. and Farr, Will M.",
      title          = "{Does the Black Hole Merger Rate Evolve with Redshift?}",
      journal        = "Astrophys. J.",
      volume         = "863",
      year           = "2018",
      number         = "2",
      pages          = "L41",
      doi            = "10.3847/2041-8213/aad800",
      note           = "[Astrophys. J. Lett.863,L41(2018)]",
      eprint         = "1805.10270",
      archivePrefix  = "arXiv",
      primaryClass   = "astro-ph.HE",
      SLACcitation   = "%%CITATION = ARXIV:1805.10270;%%"
}

@article{Mandel:2018mve,
    author = "Mandel, Ilya and Farr, Will M. and Gair, Jonathan R.",
    title = "{Extracting distribution parameters from multiple uncertain observations with selection biases}",
    eprint = "1809.02063",
    archivePrefix = "arXiv",
    primaryClass = "physics.data-an",
    doi = "10.1093/mnras/stz896",
    journal = "Mon. Not. Roy. Astron. Soc.",
    volume = "486",
    number = "1",
    pages = "1086--1093",
    year = "2019"
}

@article{Thrane:2018qnx,
    author = "Thrane, Eric and Talbot, Colm",
    title = "{An introduction to Bayesian inference in gravitational-wave astronomy: parameter estimation, model selection, and hierarchical models}",
    eprint = "1809.02293",
    archivePrefix = "arXiv",
    primaryClass = "astro-ph.IM",
    doi = "10.1017/pasa.2019.2",
    journal = "Publ. Astron. Soc. Austral.",
    volume = "36",
    pages = "e010",
    year = "2019",
    note = "[Erratum: Publ.Astron.Soc.Austral. 37, e036 (2020)]"
}

@article{Abbott:2016drs,
      author         = "Abbott, B. P. and others",
      title          = "{Supplement: The Rate of Binary Black Hole Mergers
                        Inferred from Advanced LIGO Observations Surrounding
                        GW150914}",
      collaboration  = "Virgo, LIGO Scientific",
      journal        = "Astrophys. J. Suppl.",
      volume         = "227",
      year           = "2016",
      number         = "2",
      pages          = "14",
      doi            = "10.3847/0067-0049/227/2/14",
      eprint         = "1606.03939",
      archivePrefix  = "arXiv",
      primaryClass   = "astro-ph.HE",
      reportNumber   = "LIGO-P1500217",
      SLACcitation   = "%%CITATION = ARXIV:1606.03939;%%"
}

@article{Vallisneri:2014vxa,
      author         = "Vallisneri, Michele and Kanner, Jonah and Williams, Roy
                        and Weinstein, Alan and Stephens, Branson",
      title          = "{The LIGO Open Science Center}",
      booktitle      = "{Proceedings, 10th International LISA Symposium:
                        Gainesville, Florida, USA, May 18-23, 2014}",
      journal        = "J. Phys. Conf. Ser.",
      volume         = "610",
      year           = "2015",
      number         = "1",
      pages          = "012021",
      doi            = "10.1088/1742-6596/610/1/012021",
      eprint         = "1410.4839",
      archivePrefix  = "arXiv",
      primaryClass   = "gr-qc",
      SLACcitation   = "%%CITATION = ARXIV:1410.4839;%%"
}

@article{Biwer:2018osg,
      author         = "Biwer, C. M. and Capano, Collin D. and De, Soumi and
                        Cabero, Miriam and Brown, Duncan A. and Nitz, Alexander H.
                        and Raymond, V.",
      title          = "{PyCBC Inference: A Python-based parameter estimation
                        toolkit for compact binary coalescence signals}",
      year           = "2018",
      journal         = "arXiv:1807.10312 [astro-ph.IM]"
}

@article{Fishbach:2017zga,
      author         = "Fishbach, Maya and Holz, Daniel E.",
      title          = "{Where Are LIGOâ€™s Big Black Holes?}",
      journal        = "Astrophys. J.",
      volume         = "851",
      year           = "2017",
      number         = "2",
      pages          = "L25",
      doi            = "10.3847/2041-8213/aa9bf6",
      eprint         = "1709.08584",
      archivePrefix  = "arXiv",
      primaryClass   = "astro-ph.HE",
      SLACcitation   = "%%CITATION = ARXIV:1709.08584;%%"
}

@article{Kocsis:2017yty,
      author         = "Kocsis, Bence and Suyama, Teruaki and Tanaka, Takahiro
                        and Yokoyama, Shuichiro",
      title          = "{Hidden universality in the merger rate distribution in
                        the primordial black hole scenario}",
      journal        = "Astrophys. J.",
      volume         = "854",
      year           = "2018",
      number         = "1",
      pages          = "41",
      doi            = "10.3847/1538-4357/aaa7f4",
      eprint         = "1709.09007",
      archivePrefix  = "arXiv",
      primaryClass   = "astro-ph.CO",
      SLACcitation   = "%%CITATION = ARXIV:1709.09007;%%"
}

@article{Volonteri:2010wz,
      author         = "Volonteri, Marta",
      title          = "{Formation of Supermassive Black Holes}",
      journal        = "Astron. Astrophys. Rev.",
      volume         = "18",
      year           = "2010",
      pages          = "279-315",
      doi            = "10.1007/s00159-010-0029-x",
      eprint         = "1003.4404",
      archivePrefix  = "arXiv",
      primaryClass   = "astro-ph.CO",
      SLACcitation   = "%%CITATION = ARXIV:1003.4404;%%"
}

@article{Carr:1975qj,
      author         = "Carr, Bernard J.",
      title          = "{The Primordial black hole mass spectrum}",
      journal        = "Astrophys. J.",
      volume         = "201",
      year           = "1975",
      pages          = "1-19",
      doi            = "10.1086/153853",
      SLACcitation   = "%%CITATION = ASJOA,201,1;%%"
}

@article{Wiktorowicz:2013dua,
	author         = "Wiktorowicz, Grzegorz and Belczynski, Krzysztof and
	Maccarone, Thomas J.",
	title          = "{Black Hole X-ray Transients: The Formation Puzzle}",
	year           = "2013",
	eprint         = "1312.5924",
	archivePrefix  = "arXiv",
	primaryClass   = "astro-ph.HE",
	SLACcitation   = "%%CITATION = ARXIV:1312.5924;%%"
}

@article{Casares:2013tpa,
	author         = "Casares, J. and Jonker, P. G.",
	title          = "{Mass Measurements of Stellar and Intermediate Mass
	Black-Holes}",
	journal        = "Space Sci. Rev.",
	volume         = "183",
	year           = "2014",
	number         = "1-4",
	pages          = "223-252",
	doi            = "10.1007/s11214-013-0030-6",
	eprint         = "1311.5118",
	archivePrefix  = "arXiv",
	primaryClass   = "astro-ph.HE",
	SLACcitation   = "%%CITATION = ARXIV:1311.5118;%%"
}

@article{Corral-Santana:2015fud,
	author         = "Corral-Santana, Jesus M. and Casares, Jorge and
	Munoz-Darias, Teo and Bauer, Franz E. and Martinez-Pais,
	Ignacio G. and Russell, David M.",
	title          = "{BlackCAT: A catalogue of stellar-mass black holes in
	X-ray transients}",
	journal        = "Astron. Astrophys.",
	volume         = "587",
	year           = "2016",
	pages          = "A61",
	doi            = "10.1051/0004-6361/201527130",
	eprint         = "1510.08869",
	archivePrefix  = "arXiv",
	primaryClass   = "astro-ph.HE",
	SLACcitation   = "%%CITATION = ARXIV:1510.08869;%%"
}

@article{Corral-Santana:2013uua,
	author         = "Corral-Santana, J. M. and Casares, J. and MuÃ±oz-Darias,
	T. and RodrÃ­guez-Gil, P. and Shahbaz, T. and Torres, M.
	A. P. and Zurita, C. and Tyndall, A. A.",
	title          = "{A Black Hole Nova Obscured by an Inner Disk Torus}",
	journal        = "Science",
	volume         = "339",
	year           = "2013",
	pages          = "1048-1051",
	doi            = "10.1126/science.1228222",
	eprint         = "1303.0034",
	archivePrefix  = "arXiv",
	primaryClass   = "astro-ph.GA",
	SLACcitation   = "%%CITATION = ARXIV:1303.0034;%%"
}

@article{Fishbach:2017dwv,
	author         = "Fishbach, Maya and Holz, Daniel E. and Farr, Ben",
	title          = "{Are LIGO's Black Holes Made From Smaller Black Holes?}",
	journal        = "Astrophys. J.",
	volume         = "840",
	year           = "2017",
	number         = "2",
	pages          = "L24",
	doi            = "10.3847/2041-8213/aa7045",
	eprint         = "1703.06869",
	archivePrefix  = "arXiv",
	primaryClass   = "astro-ph.HE",
	SLACcitation   = "%%CITATION = ARXIV:1703.06869;%%"
}

@article{Rodriguez:2016kxx,
	author         = "Rodriguez, Carl L. and Chatterjee, Sourav and Rasio,
	Frederic A.",
	title          = "{Binary Black Hole Mergers from Globular Clusters:
	Masses, Merger Rates, and the Impact of Stellar
	Evolution}",
	journal        = "Phys. Rev.",
	volume         = "D93",
	year           = "2016",
	number         = "8",
	pages          = "084029",
	doi            = "10.1103/PhysRevD.93.084029",
	eprint         = "1602.02444",
	archivePrefix  = "arXiv",
	primaryClass   = "astro-ph.HE",
	SLACcitation   = "%%CITATION = ARXIV:1602.02444;%%"
}

@article{deMink:2016vkw,
	author         = "de Mink, S. E. and Mandel, I.",
	title          = "{The chemically homogeneous evolutionary channel for
	binary black hole mergers: rates and properties of
	gravitational-wave events detectable by advanced LIGO}",
	journal        = "Mon. Not. Roy. Astron. Soc.",
	volume         = "460",
	year           = "2016",
	number         = "4",
	pages          = "3545-3553",
	doi            = "10.1093/mnras/stw1219",
	eprint         = "1603.02291",
	archivePrefix  = "arXiv",
	primaryClass   = "astro-ph.HE",
	SLACcitation   = "%%CITATION = ARXIV:1603.02291;%%"
}

@article{Antonini:2016gqe,
	author         = "Antonini, Fabio and Rasio, Frederic A.",
	title          = "{Merging black hole binaries in galactic nuclei:
	implications for advanced-LIGO detections}",
	journal        = "Astrophys. J.",
	volume         = "831",
	year           = "2016",
	number         = "2",
	pages          = "187",
	doi            = "10.3847/0004-637X/831/2/187",
	eprint         = "1606.04889",
	archivePrefix  = "arXiv",
	primaryClass   = "astro-ph.HE",
	SLACcitation   = "%%CITATION = ARXIV:1606.04889;%%"
}

@article{Inayoshi:2017mrs,
	author         = "Inayoshi, Kohei and Hirai, Ryosuke and Kinugawa, Tomoya
	and Hotokezaka, Kenta",
	title          = "{Formation pathway of Population III coalescing binary
	black holes through stable mass transfer}",
	journal        = "Mon. Not. Roy. Astron. Soc.",
	volume         = "468",
	year           = "2017",
	number         = "4",
	pages          = "5020-5032",
	doi            = "10.1093/mnras/stx757",
	eprint         = "1701.04823",
	archivePrefix  = "arXiv",
	primaryClass   = "astro-ph.HE",
	SLACcitation   = "%%CITATION = ARXIV:1701.04823;%%"
}

@article{Barnacka:2012bm,
	author         = "Barnacka, A. and Glicenstein, J. F. and Moderski, R.",
	title          = "{New constraints on primordial black holes abundance from
	femtolensing of gamma-ray bursts}",
	journal        = "Phys. Rev.",
	volume         = "D86",
	year           = "2012",
	pages          = "043001",
	doi            = "10.1103/PhysRevD.86.043001",
	eprint         = "1204.2056",
	archivePrefix  = "arXiv",
	primaryClass   = "astro-ph.CO",
	SLACcitation   = "%%CITATION = ARXIV:1204.2056;%%"
}


@article{Carr:2009jm,
	author         = "Carr, B. J. and Kohri, Kazunori and Sendouda, Yuuiti and
	Yokoyama, Jun'ichi",
	title          = "{New cosmological constraints on primordial black holes}",
	journal        = "Phys. Rev.",
	volume         = "D81",
	year           = "2010",
	pages          = "104019",
	doi            = "10.1103/PhysRevD.81.104019",
	eprint         = "0912.5297",
	archivePrefix  = "arXiv",
	primaryClass   = "astro-ph.CO",
	reportNumber   = "RESCEU-31-09, TU-852, YITP-09-112",
	SLACcitation   = "%%CITATION = ARXIV:0912.5297;%%"
}

@article{Niikura:2017zjd,
	author         = "Niikura, Hiroko and others",
	title          = "{Microlensing constraints on primordial black holes with
	the Subaru/HSC Andromeda observation}",
	year           = "2017",
	eprint         = "1701.02151",
	archivePrefix  = "arXiv",
	primaryClass   = "astro-ph.CO",
	SLACcitation   = "%%CITATION = ARXIV:1701.02151;%%"
}

@article{Griest:2013esa,
	author         = "Griest, Kim and Cieplak, Agnieszka M. and Lehner, Matthew
	J.",
	title          = "{New Limits on Primordial Black Hole Dark Matter from an
	Analysis of Kepler Source Microlensing Data}",
	journal        = "Phys. Rev. Lett.",
	volume         = "111",
	year           = "2013",
	number         = "18",
	pages          = "181302",
	doi            = "10.1103/PhysRevLett.111.181302",
	SLACcitation   = "%%CITATION = PRLTA,111,181302;%%"
}

@article{Tisserand:2006zx,
	author         = "Tisserand, P. and others",
	title          = "{Limits on the Macho Content of the Galactic Halo from
	the EROS-2 Survey of the Magellanic Clouds}",
	collaboration  = "EROS-2",
	journal        = "Astron. Astrophys.",
	volume         = "469",
	year           = "2007",
	pages          = "387-404",
	doi            = "10.1051/0004-6361:20066017",
	eprint         = "astro-ph/0607207",
	archivePrefix  = "arXiv",
	primaryClass   = "astro-ph",
	SLACcitation   = "%%CITATION = ASTRO-PH/0607207;%%"
}

@article{Brandt:2016aco,
	author         = "Brandt, Timothy D.",
	title          = "{Constraints on MACHO Dark Matter from Compact Stellar
	Systems in Ultra-Faint Dwarf Galaxies}",
	journal        = "Astrophys. J.",
	volume         = "824",
	year           = "2016",
	number         = "2",
	pages          = "L31",
	doi            = "10.3847/2041-8205/824/2/L31",
	eprint         = "1605.03665",
	archivePrefix  = "arXiv",
	primaryClass   = "astro-ph.GA",
	SLACcitation   = "%%CITATION = ARXIV:1605.03665;%%"
}

@article{Gaggero:2016dpq,
	author         = "Gaggero, Daniele and Bertone, Gianfranco and Calore,
	Francesca and Connors, Riley M. T. and Lovell, Mark and
	Markoff, Sera and Storm, Emma",
	title          = "{Searching for Primordial Black Holes in the radio and
	X-ray sky}",
	journal        = "Phys. Rev. Lett.",
	volume         = "118",
	year           = "2017",
	number         = "24",
	pages          = "241101",
	doi            = "10.1103/PhysRevLett.118.241101",
	eprint         = "1612.00457",
	archivePrefix  = "arXiv",
	primaryClass   = "astro-ph.HE",
	SLACcitation   = "%%CITATION = ARXIV:1612.00457;%%"
}

@article{Graham:2015apa,
	author         = "Graham, Peter W. and Rajendran, Surjeet and Varela,
	Jaime",
	title          = "{Dark Matter Triggers of Supernovae}",
	journal        = "Phys. Rev.",
	volume         = "D92",
	year           = "2015",
	number         = "6",
	pages          = "063007",
	doi            = "10.1103/PhysRevD.92.063007",
	eprint         = "1505.04444",
	archivePrefix  = "arXiv",
	primaryClass   = "hep-ph",
	SLACcitation   = "%%CITATION = ARXIV:1505.04444;%%"
}

@article{Ali-Haimoud:2016mbv,
	author         = "Ali-HaÃ¯moud, Yacine and Kamionkowski, Marc",
	title          = "{Cosmic microwave background limits on accreting
	primordial black holes}",
	journal        = "Phys. Rev.",
	volume         = "D95",
	year           = "2017",
	number         = "4",
	pages          = "043534",
	doi            = "10.1103/PhysRevD.95.043534",
	eprint         = "1612.05644",
	archivePrefix  = "arXiv",
	primaryClass   = "astro-ph.CO",
	SLACcitation   = "%%CITATION = ARXIV:1612.05644;%%"
}

@article{Vaskonen:2020lbd,
    author = {Vaskonen, Ville and Veerm\"ae, Hardi},
    title = "{Did NANOGrav see a signal from primordial black hole formation?}",
    eprint = "2009.07832",
    archivePrefix = "arXiv",
    primaryClass = "astro-ph.CO",
    doi = "10.1103/PhysRevLett.126.051303",
    journal = "Phys. Rev. Lett.",
    volume = "126",
    number = "5",
    pages = "051303",
    year = "2021"
}

@article{Liu:2021jnw,
    author = "Liu, Lang and Yang, Xing-Yu and Guo, Zong-Kuan and Cai, Rong-Gen",
    title = "{Testing primordial black hole and measuring the Hubble constant with multiband gravitational-wave observations}",
    eprint = "2112.05473",
    archivePrefix = "arXiv",
    primaryClass = "astro-ph.CO",
    month = "12",
    year = "2021"
}

@article{Germani:2017bcs,
    author = "Germani, Cristiano and Prokopec, Tomislav",
    title = "{On primordial black holes from an inflection point}",
    eprint = "1706.04226",
    archivePrefix = "arXiv",
    primaryClass = "astro-ph.CO",
    reportNumber = "ICCUB-17-012",
    doi = "10.1016/j.dark.2017.09.001",
    journal = "Phys. Dark Univ.",
    volume = "18",
    pages = "6--10",
    year = "2017"
}

@article{Hutsi:2020sol,
    author = {H\"utsi, Gert and Raidal, Martti and Vaskonen, Ville and Veerm\"ae, Hardi},
    title = "{Two populations of LIGO-Virgo black holes}",
    eprint = "2012.02786",
    archivePrefix = "arXiv",
    primaryClass = "astro-ph.CO",
    doi = "10.1088/1475-7516/2021/03/068",
    journal = "JCAP",
    volume = "03",
    pages = "068",
    year = "2021"
}

@article{DeLuca:2020agl,
    author = "De Luca, V. and Franciolini, G. and Riotto, A.",
    title = "{NANOGrav Data Hints at Primordial Black Holes as Dark Matter}",
    eprint = "2009.08268",
    archivePrefix = "arXiv",
    primaryClass = "astro-ph.CO",
    doi = "10.1103/PhysRevLett.126.041303",
    journal = "Phys. Rev. Lett.",
    volume = "126",
    number = "4",
    pages = "041303",
    year = "2021"
}

@article{Garcia-Bellido:2017mdw,
    author = "Garcia-Bellido, Juan and Ruiz Morales, Ester",
    title = "{Primordial black holes from single field models of inflation}",
    eprint = "1702.03901",
    archivePrefix = "arXiv",
    primaryClass = "astro-ph.CO",
    reportNumber = "IFT-UAM-CSIC-17-007, CERN-TH-2017-196",
    doi = "10.1016/j.dark.2017.09.007",
    journal = "Phys. Dark Univ.",
    volume = "18",
    pages = "47--54",
    year = "2017"
}

@article{Kawasaki:2012kn,
    author = "Kawasaki, Masahiro and Kusenko, Alexander and Yanagida, Tsutomu T.",
    title = "{Primordial seeds of supermassive black holes}",
    eprint = "1202.3848",
    archivePrefix = "arXiv",
    primaryClass = "astro-ph.CO",
    reportNumber = "CRR-REPORT-607-2011-24, IPMU-12-0021",
    doi = "10.1016/j.physletb.2012.03.056",
    journal = "Phys. Lett. B",
    volume = "711",
    pages = "1--5",
    year = "2012"
}

@article{Bean:2002kx,
    author = "Bean, Rachel and Magueijo, Joao",
    title = "{Could supermassive black holes be quintessential primordial black holes?}",
    eprint = "astro-ph/0204486",
    archivePrefix = "arXiv",
    doi = "10.1103/PhysRevD.66.063505",
    journal = "Phys. Rev. D",
    volume = "66",
    pages = "063505",
    year = "2002"
}

@article{Carr:2020xqk,
    author = "Carr, Bernard and Kuhnel, Florian",
    title = "{Primordial Black Holes as Dark Matter: Recent Developments}",
    eprint = "2006.02838",
    archivePrefix = "arXiv",
    primaryClass = "astro-ph.CO",
    doi = "10.1146/annurev-nucl-050520-125911",
    journal = "Ann. Rev. Nucl. Part. Sci.",
    volume = "70",
    pages = "355--394",
    year = "2020"
}

@article{Carr:2020gox,
    author = "Carr, Bernard and Kohri, Kazunori and Sendouda, Yuuiti and Yokoyama, Jun'ichi",
    title = "{Constraints on primordial black holes}",
    eprint = "2002.12778",
    archivePrefix = "arXiv",
    primaryClass = "astro-ph.CO",
    reportNumber = "RESCEU-03/20; KEK-Cosmo-249; KEK-TH-2199; IPMU20-0024",
    doi = "10.1088/1361-6633/ac1e31",
    journal = "Rept. Prog. Phys.",
    volume = "84",
    number = "11",
    pages = "116902",
    year = "2021"
}

@article{Blum:2016cjs,
	author         = "Aloni, Daniel and Blum, Kfir and Flauger, Raphael",
	title          = "{Cosmic microwave background constraints on primordial
	black hole dark matter}",
	journal        = "JCAP",
	volume         = "1705",
	year           = "2017",
	number         = "05",
	pages          = "017",
	doi            = "10.1088/1475-7516/2017/05/017",
	eprint         = "1612.06811",
	archivePrefix  = "arXiv",
	primaryClass   = "astro-ph.CO",
	SLACcitation   = "%%CITATION = ARXIV:1612.06811;%%"
}

@article{Horowitz:2016lib,
	author         = "Horowitz, Benjamin",
	title          = "{Revisiting Primordial Black Holes Constraints from
	Ionization History}",
	year           = "2016",
	eprint         = "1612.07264",
	archivePrefix  = "arXiv",
	primaryClass   = "astro-ph.CO",
	SLACcitation   = "%%CITATION = ARXIV:1612.07264;%%"
}

@article{Chen:2016pud,
	author         = "Chen, Lu and Huang, Qing-Guo and Wang, Ke",
	title          = "{Constraint on the abundance of primordial black holes in
	dark matter from Planck data}",
	journal        = "JCAP",
	volume         = "1612",
	year           = "2016",
	number         = "12",
	pages          = "044",
	doi            = "10.1088/1475-7516/2016/12/044",
	eprint         = "1608.02174",
	archivePrefix  = "arXiv",
	primaryClass   = "astro-ph.CO",
	SLACcitation   = "%%CITATION = ARXIV:1608.02174;%%"
}

@article{Wang:2016ana,
	author         = "Wang, Sai and Wang, Yi-Fan and Huang, Qing-Guo and Li,
	Tjonnie G. F.",
	title          = "{Constraints on the Primordial Black Hole Abundance from
	the First Advanced LIGO Observation Run Using the
	Stochastic Gravitational-Wave Background}",
	journal        = "Phys. Rev. Lett.",
	volume         = "120",
	year           = "2018",
	number         = "19",
	pages          = "191102",
	doi            = "10.1103/PhysRevLett.120.191102",
	eprint         = "1610.08725",
	archivePrefix  = "arXiv",
	primaryClass   = "astro-ph.CO",
	SLACcitation   = "%%CITATION = ARXIV:1610.08725;%%"
}

@article{Abbott:2018oah,
	author         = "Abbott, B. P. and others",
	title          = "{Search for sub-solar mass ultracompact binaries in
	Advanced LIGO's first observing run}",
	collaboration  = "LIGO Scientific, Virgo",
	journal        = "Phys. Rev. Lett.",
	volume         = "121",
	year           = "2018",
	number         = "23",
	pages          = "231103",
	doi            = "10.1103/PhysRevLett.121.231103",
	eprint         = "1808.04771",
	archivePrefix  = "arXiv",
	primaryClass   = "astro-ph.CO",
	reportNumber   = "LIGO-DCC-P1800158-v12",
	SLACcitation   = "%%CITATION = ARXIV:1808.04771;%%"
}

@article{Magee:2018opb,
	author         = "Magee, Ryan and Deutsch, Anne-Sylvie and McClincy, Phoebe
	and Hanna, Chad and Horst, Christian and Meacher, Duncan
	and Messick, Cody and Shandera, Sarah and Wade, Madeline",
	title          = "{Methods for the detection of gravitational waves from
	subsolar mass ultracompact binaries}",
	journal        = "Phys. Rev.",
	volume         = "D98",
	year           = "2018",
	number         = "10",
	pages          = "103024",
	doi            = "10.1103/PhysRevD.98.103024",
	eprint         = "1808.04772",
	archivePrefix  = "arXiv",
	primaryClass   = "astro-ph.IM",
	reportNumber   = "LIGO-DCC-P1800231-v3",
	SLACcitation   = "%%CITATION = ARXIV:1808.04772;%%"
}

@article{Saito:2008jc,
    author = "Saito, Ryo and Yokoyama, Jun'ichi",
    title = "{Gravitational wave background as a probe of the primordial black hole abundance}",
    eprint = "0812.4339",
    archivePrefix = "arXiv",
    primaryClass = "astro-ph",
    reportNumber = "RESCEU-63-08",
    doi = "10.1103/PhysRevLett.102.161101",
    journal = "Phys. Rev. Lett.",
    volume = "102",
    pages = "161101",
    year = "2009",
    note = "[Erratum: Phys.Rev.Lett. 107, 069901 (2011)]"
}

@article{DeLuca:2020sae,
    author = "De Luca, V. and Desjacques, V. and Franciolini, G. and Pani, P. and Riotto, A.",
    title = "{GW190521 Mass Gap Event and the Primordial Black Hole Scenario}",
    eprint = "2009.01728",
    archivePrefix = "arXiv",
    primaryClass = "astro-ph.CO",
    doi = "10.1103/PhysRevLett.126.051101",
    journal = "Phys. Rev. Lett.",
    volume = "126",
    number = "5",
    pages = "051101",
    year = "2021"
}

@article{Chen:2018rzo,
	author         = "Chen, Zu-Cheng and Huang, Fan and Huang, Qing-Guo",
	title          = "{Stochastic Gravitational-Wave Background from Binary
	Black Holes and Binary Neutron Stars}",
	journal        = "Astrophys. J.",
	volume         = "871",
	year           = "2019",
	pages          = "97",
	doi            = "10.3847/1538-4357/aaf581",
	eprint         = "1809.10360",
	archivePrefix  = "arXiv",
	primaryClass   = "gr-qc",
	SLACcitation   = "%%CITATION = ARXIV:1809.10360;%%"
}

@article{Liu:2018ess,
    author = "Liu, Lang and Guo, Zong-Kuan and Cai, Rong-Gen",
    title = "{Effects of the surrounding primordial black holes on the merger rate of primordial black hole binaries}",
    eprint = "1812.05376",
    archivePrefix = "arXiv",
    primaryClass = "astro-ph.CO",
    doi = "10.1103/PhysRevD.99.063523",
    journal = "Phys. Rev. D",
    volume = "99",
    number = "6",
    pages = "063523",
    year = "2019"
}


@article{Regimbau:2016ike,
	author         = "Regimbau, T. and Evans, M. and Christensen, N. and
	Katsavounidis, E. and Sathyaprakash, B. and Vitale, S.",
	title          = "{Digging deeper: Observing primordial gravitational waves
	below the binary black hole produced stochastic
	background}",
	journal        = "Phys. Rev. Lett.",
	volume         = "118",
	year           = "2017",
	number         = "15",
	pages          = "151105",
	doi            = "10.1103/PhysRevLett.118.151105",
	eprint         = "1611.08943",
	archivePrefix  = "arXiv",
	primaryClass   = "astro-ph.CO",
	SLACcitation   = "%%CITATION = ARXIV:1611.08943;%%"
}

@article{Vitale:2018yhm,
	author         = "Vitale, Salvatore and Farr, Will M.",
	title          = "{Measuring the star formation rate with gravitational
	waves from binary black holes}",
	year           = "2018",
	eprint         = "1808.00901",
	archivePrefix  = "arXiv",
	primaryClass   = "astro-ph.HE",
	reportNumber   = "LIGO Document P1800219",
	SLACcitation   = "%%CITATION = ARXIV:1808.00901;%%"
}

@article{Biswas:2007ni,
	author         = "Biswas, Rahul and Brady, Patrick R. and Creighton, Jolien
	D. E. and Fairhurst, Stephen",
	title          = "{The Loudest event statistic: General formulation,
	properties and applications}",
	journal        = "Class. Quant. Grav.",
	volume         = "26",
	year           = "2009",
	pages          = "175009",
	doi            = "10.1088/0264-9381/26/17/175009,
	10.1088/0264-9381/30/7/079502",
	note           = "[Erratum: Class. Quant. Grav.30,079502(2013)]",
	eprint         = "0710.0465",
	archivePrefix  = "arXiv",
	primaryClass   = "gr-qc",
	SLACcitation   = "%%CITATION = ARXIV:0710.0465;%%"
}

@article{Flanagan:1993ix,
	author         = "Flanagan, Eanna E.",
	title          = "{The Sensitivity of the laser interferometer
	gravitational wave observatory (LIGO) to a stochastic
	background, and its dependence on the detector
	orientations}",
	journal        = "Phys. Rev.",
	volume         = "D48",
	year           = "1993",
	pages          = "2389-2407",
	doi            = "10.1103/PhysRevD.48.2389",
	eprint         = "astro-ph/9305029",
	archivePrefix  = "arXiv",
	primaryClass   = "astro-ph",
	reportNumber   = "GRP-347",
	SLACcitation   = "%%CITATION = ASTRO-PH/9305029;%%"
}

@article{Punturo:2010zz,
	author         = "Punturo, M. and others",
	title          = "{The Einstein Telescope: A third-generation gravitational
	wave observatory}",
	booktitle      = "{Proceedings, 14th Workshop on Gravitational wave data
	analysis (GWDAW-14): Rome, Italy, January 26-29, 2010}",
	journal        = "Class. Quant. Grav.",
	volume         = "27",
	year           = "2010",
	pages          = "194002",
	doi            = "10.1088/0264-9381/27/19/194002",
	SLACcitation   = "%%CITATION = CQGRD,27,194002;%%"
}

@article{Evans:2016mbw,
	author         = "Abbott, Benjamin P. and others",
	title          = "{Exploring the Sensitivity of Next Generation
	Gravitational Wave Detectors}",
	collaboration  = "LIGO Scientific",
	journal        = "Class. Quant. Grav.",
	volume         = "34",
	year           = "2017",
	number         = "4",
	pages          = "044001",
	doi            = "10.1088/1361-6382/aa51f4",
	eprint         = "1607.08697",
	archivePrefix  = "arXiv",
	primaryClass   = "astro-ph.IM",
	reportNumber   = "LIGO-P1600143",
	SLACcitation   = "%%CITATION = ARXIV:1607.08697;%%"
}

@article{Perna:2019axr,
	author         = "Perna, Rosalba and Wang, Yi-Han and Leigh, Nathan and
	Cantiello, Matteo",
	title          = "{On the Apparent Dichotomy Between the Masses of Black
	Holes Inferred via X-rays and via Gravitational Waves}",
	year           = "2019",
	eprint         = "1901.03345",
	archivePrefix  = "arXiv",
	primaryClass   = "astro-ph.HE",
	SLACcitation   = "%%CITATION = ARXIV:1901.03345;%%"
}


@article{Raidal:2018bbj,
	author         = "Raidal, Martti and Spethmann, Christian and Vaskonen,
	Ville and VeermÃ¤e, Hardi",
	title          = "{Formation and Evolution of Primordial Black Hole
	Binaries in the Early Universe}",
	year           = "2018",
	eprint         = "1812.01930",
	archivePrefix  = "arXiv",
	primaryClass   = "astro-ph.CO",
	reportNumber   = "KCL-PH-TH/2018-70, CERN-TH-2018-266",
	SLACcitation   = "%%CITATION = ARXIV:1812.01930;%%"
}

@article{Kavanagh:2018ggo,
	author         = "Kavanagh, Bradley J. and Gaggero, Daniele and Bertone,
	Gianfranco",
	title          = "{Merger rate of a subdominant population of primordial
	black holes}",
	journal        = "Phys. Rev.",
	volume         = "D98",
	year           = "2018",
	number         = "2",
	pages          = "023536",
	doi            = "10.1103/PhysRevD.98.023536",
	eprint         = "1805.09034",
	archivePrefix  = "arXiv",
	primaryClass   = "astro-ph.CO",
	SLACcitation   = "%%CITATION = ARXIV:1805.09034;%%"
}

@article{Hogg:1999ad,
	author         = "Hogg, David W.",
	title          = "{Distance measures in cosmology}",
	year           = "1999",
	eprint         = "astro-ph/9905116",
	archivePrefix  = "arXiv",
	primaryClass   = "astro-ph",
	SLACcitation   = "%%CITATION = ASTRO-PH/9905116;%%"
}

@article{OShaughnessy:2009szr,
	author         = "O'Shaughnessy, R. and Kalogera, V. and Belczynski, K.",
	title          = "{Binary Compact Object Coalescence Rates: The Role of
	Elliptical Galaxies}",
	journal        = "Astrophys. J.",
	volume         = "716",
	year           = "2010",
	pages          = "615-633",
	doi            = "10.1088/0004-637X/716/1/615",
	eprint         = "0908.3635",
	archivePrefix  = "arXiv",
	primaryClass   = "astro-ph.CO",
	reportNumber   = "LA-UR-09-05351, LIGO-P0900052, IGC-09-8-1",
	SLACcitation   = "%%CITATION = ARXIV:0908.3635;%%"
}

@article{Niikura:2019kqi,
	author         = "Niikura, Hiroko and Takada, Masahiro and Yokoyama,
	Shuichiro and Sumi, Takahiro and Masaki, Shogo",
	title          = "{Earth-mass black holes? - Constraints on primordial
	black holes with 5-years OGLE microlensing events}",
	year           = "2019",
	eprint         = "1901.07120",
	archivePrefix  = "arXiv",
	primaryClass   = "astro-ph.CO",
	SLACcitation   = "%%CITATION = ARXIV:1901.07120;%%"
}

@article{Wang:2019kaf,
	author         = "Wang, Sai and Terada, Takahiro and Kohri, Kazunori",
	title          = "{Prospective constraints on the primordial black hole
	abundance from the stochastic gravitational-wave
	backgrounds produced by coalescing events and curvature
	perturbations}",
	year           = "2019",
	eprint         = "1903.05924",
	archivePrefix  = "arXiv",
	primaryClass   = "astro-ph.CO",
	SLACcitation   = "%%CITATION = ARXIV:1903.05924;%%"
}

@article{LIGOScientific:2019vic,
	author         = "Abbott, Benjamin P. and others",
	title          = "{A search for the isotropic stochastic background using
	data from Advanced LIGO's second observing run}",
	collaboration  = "LIGO Scientific, Virgo",
	year           = "2019",
	eprint         = "1903.02886",
	archivePrefix  = "arXiv",
	primaryClass   = "gr-qc",
	reportNumber   = "LIGO-P1800248",
	SLACcitation   = "%%CITATION = ARXIV:1903.02886;%%"
}

@article{TheLIGOScientific:2016dpb,
	author         = "Abbott, Benjamin P. and others",
	title          = "{Upper Limits on the Stochastic Gravitational-Wave
	Background from Advanced LIGOâ€™s First Observing Run}",
	collaboration  = "LIGO Scientific, Virgo",
	journal        = "Phys. Rev. Lett.",
	volume         = "118",
	year           = "2017",
	number         = "12",
	pages          = "121101",
	doi            = "10.1103/PhysRevLett.118.121101,
	10.1103/PhysRevLett.119.029901",
	note           = "[Erratum: Phys. Rev. Lett.119,no.2,029901(2017)]",
	eprint         = "1612.02029",
	archivePrefix  = "arXiv",
	primaryClass   = "gr-qc",
	SLACcitation   = "%%CITATION = ARXIV:1612.02029;%%"
}

@article{Renzini:2018nee,
	author         = "Renzini, Arianna I. and Contaldi, Carlo R.",
	title          = "{Gravitational Wave Background Sky Maps from Advanced
	LIGO O1 Data}",
	journal        = "Phys. Rev. Lett.",
	volume         = "122",
	year           = "2019",
	number         = "8",
	pages          = "081102",
	doi            = "10.1103/PhysRevLett.122.081102",
	eprint         = "1811.12922",
	archivePrefix  = "arXiv",
	primaryClass   = "astro-ph.CO",
	reportNumber   = "Imperial/TP/18/CRC/3",
	SLACcitation   = "%%CITATION = ARXIV:1811.12922;%%"
}

@article{Rodriguez:2015oxa,
	author         = "Rodriguez, Carl L. and Morscher, Meagan and Pattabiraman,
	Bharath and Chatterjee, Sourav and Haster, Carl-Johan and
	Rasio, Frederic A.",
	title          = "{Binary Black Hole Mergers from Globular Clusters:
	Implications for Advanced LIGO}",
	journal        = "Phys. Rev. Lett.",
	volume         = "115",
	year           = "2015",
	number         = "5",
	pages          = "051101",
	doi            = "10.1103/PhysRevLett.116.029901,
	10.1103/PhysRevLett.115.051101",
	note           = "[Erratum: Phys. Rev. Lett.116,no.2,029901(2016)]",
	eprint         = "1505.00792",
	archivePrefix  = "arXiv",
	primaryClass   = "astro-ph.HE",
	SLACcitation   = "%%CITATION = ARXIV:1505.00792;%%"
}

@article{Park:2017zgj,
	author         = "Park, Dawoo and Kim, Chunglee and Lee, Hyung Mok and Bae,
	Yeong-Bok and Belczynski, Krzysztof",
	title          = "{Black Hole Binaries Dynamically Formed in Globular
	Clusters}",
	journal        = "Mon. Not. Roy. Astron. Soc.",
	volume         = "469",
	year           = "2017",
	number         = "4",
	pages          = "4665-4674",
	doi            = "10.1093/mnras/stx1015",
	eprint         = "1703.01568",
	archivePrefix  = "arXiv",
	primaryClass   = "astro-ph.HE",
	SLACcitation   = "%%CITATION = ARXIV:1703.01568;%%"
}

@article{Belczynski:2014iua,
	author         = "Belczynski, Krzysztof and Buonanno, Alessandra and
	Cantiello, Matteo and Fryer, Chris L. and Holz, Daniel E.
	and Mandel, Ilya and Miller, M. Coleman and Walczak,
	Marek",
	title          = "{The Formation and Gravitational-Wave Detection of
	Massive Stellar Black-Hole Binaries}",
	journal        = "Astrophys. J.",
	volume         = "789",
	year           = "2014",
	number         = "2",
	pages          = "120",
	doi            = "10.1088/0004-637X/789/2/120",
	eprint         = "1403.0677",
	archivePrefix  = "arXiv",
	primaryClass   = "astro-ph.HE",
	reportNumber   = "LA-UR-NUMBER-'LA-UR-14-21051'",
	SLACcitation   = "%%CITATION = ARXIV:1403.0677;%%"
}

@article{Woosley:2016nnw,
	author         = "Woosley, S. E.",
	title          = "{The Progenitor of Gw150914}",
	journal        = "Astrophys. J.",
	volume         = "824",
	year           = "2016",
	number         = "1",
	pages          = "L10",
	doi            = "10.3847/2041-8205/824/1/L10",
	eprint         = "1603.00511",
	archivePrefix  = "arXiv",
	primaryClass   = "astro-ph.HE",
	SLACcitation   = "%%CITATION = ARXIV:1603.00511;%%"
}

@article{Rodriguez:2018rmd,
	author         = "Rodriguez, Carl L. and Loeb, Abraham",
	title          = "{Redshift Evolution of the Black Hole Merger Rate from
	Globular Clusters}",
	journal        = "Astrophys. J.",
	volume         = "866",
	year           = "2018",
	number         = "1",
	pages          = "L5",
	doi            = "10.3847/2041-8213/aae377",
	eprint         = "1809.01152",
	archivePrefix  = "arXiv",
	primaryClass   = "astro-ph.HE",
	SLACcitation   = "%%CITATION = ARXIV:1809.01152;%%"
}

@article{Choksi:2018jnq,
	author         = "Choksi, Nick and Volonteri, Marta and Colpi, Monica and
	Gnedin, Oleg Y. and Li, Hui",
	title          = "{The star clusters that make black hole binaries across
	cosmic time}",
	year           = "2018",
	eprint         = "1809.01164",
	archivePrefix  = "arXiv",
	primaryClass   = "astro-ph.GA",
	SLACcitation   = "%%CITATION = ARXIV:1809.01164;%%"
}

@INPROCEEDINGS{2010AIPC.1314..291D,
	author = {{de Mink}, S.~E. and {Cantiello}, M. and {Langer}, N. and {Pols}, O.~R.},
	title = "{Chemically Homogeneous Evolution in Massive Binaries}",
	keywords = {stellar mass, black holes, gamma-ray sources (astronomical), brightness, hydrodynamics, 97.10.Nf, 97.60.Lf, 98.70.Rz, 97.10.Xq, 95.30.Lz, Masses, Black holes, gamma-ray sources, gamma-ray bursts, Luminosity and mass functions, Hydrodynamics, Astrophysics - Solar and Stellar Astrophysics, Astrophysics - High Energy Astrophysical Phenomena, 85-06},
	booktitle = {American Institute of Physics Conference Series},
	year = "2010",
	editor = {{Kalogera}, Vicky and {van der Sluys}, Marc},
	series = {American Institute of Physics Conference Series},
	volume = {1314},
	month = "Dec",
	pages = {291-296},
	doi = {10.1063/1.3536387},
	archivePrefix = {arXiv},
	eprint = {1010.2177},
	primaryClass = {astro-ph.SR},
	adsurl = {https://ui.adsabs.harvard.edu/\#abs/2010AIPC.1314..291D},
	adsnote = {Provided by the SAO/NASA Astrophysics Data System}
}

@article{Lower:2018seu,
	author         = "Lower, Marcus E. and Thrane, Eric and Lasky, Paul D. and
	Smith, Rory",
	title          = "{Measuring eccentricity in binary black hole inspirals
	with gravitational waves}",
	journal        = "Phys. Rev.",
	volume         = "D98",
	year           = "2018",
	number         = "8",
	pages          = "083028",
	doi            = "10.1103/PhysRevD.98.083028",
	eprint         = "1806.05350",
	archivePrefix  = "arXiv",
	primaryClass   = "astro-ph.HE",
	SLACcitation   = "%%CITATION = ARXIV:1806.05350;%%"
}

@article{Tiwari:2018qch,
	author         = "Tiwari, Vaibhav and Fairhurst, Stephen and Hannam, Mark",
	title          = "{Constraining black-hole spins with gravitational wave
	observations}",
	journal        = "Astrophys. J.",
	volume         = "868",
	year           = "2018",
	number         = "2",
	pages          = "140",
	doi            = "10.3847/1538-4357/aae8df",
	eprint         = "1809.01401",
	archivePrefix  = "arXiv",
	primaryClass   = "gr-qc",
	SLACcitation   = "%%CITATION = ARXIV:1809.01401;%%"
}

@article{Farr:2017uvj,
	author         = "Farr, Will M. and Stevenson, Simon and Coleman Miller, M.
	and Mandel, Ilya and Farr, Ben and Vecchio, Alberto",
	title          = "{Distinguishing Spin-Aligned and Isotropic Black Hole
	Populations With Gravitational Waves}",
	journal        = "Nature",
	volume         = "548",
	year           = "2017",
	pages          = "426",
	doi            = "10.1038/nature23453",
	eprint         = "1706.01385",
	archivePrefix  = "arXiv",
	primaryClass   = "astro-ph.HE",
	reportNumber   = "LIGO-P1700067",
	SLACcitation   = "%%CITATION = ARXIV:1706.01385;%%"
}


@article{Ng:2018neg,
	author         = "Ng, Ken K. Y. and Vitale, Salvatore and Zimmerman, Aaron
	and Chatziioannou, Katerina and Gerosa, Davide and Haster,
	Carl-Johan",
	title          = "{Gravitational-wave astrophysics with effective-spin
	measurements: asymmetries and selection biases}",
	journal        = "Phys. Rev.",
	volume         = "D98",
	year           = "2018",
	number         = "8",
	pages          = "083007",
	doi            = "10.1103/PhysRevD.98.083007",
	eprint         = "1805.03046",
	archivePrefix  = "arXiv",
	primaryClass   = "gr-qc",
	SLACcitation   = "%%CITATION = ARXIV:1805.03046;%%"
}


@article{Stevenson:2017dlk,
	author         = "Stevenson, Simon and Berry, Christopher P. L. and Mandel,
	Ilya",
	title          = "{Hierarchical analysis of gravitational-wave measurements
	of binary black hole spinâ€“orbit misalignments}",
	journal        = "Mon. Not. Roy. Astron. Soc.",
	volume         = "471",
	year           = "2017",
	number         = "3",
	pages          = "2801-2811",
	doi            = "10.1093/mnras/stx1764",
	eprint         = "1703.06873",
	archivePrefix  = "arXiv",
	primaryClass   = "astro-ph.HE",
	SLACcitation   = "%%CITATION = ARXIV:1703.06873;%%"
}

@article{Bogomazov:2018prw,
	author         = "Bogomazov, A. I. and Lipunov, V. M. and Tutukov, A. V.
	and Cherepashchuk, A. M.",
	title          = "{Spin of LIGO/VIRGO merging black holes as the result of
	binary evolution}",
	year           = "2018",
	eprint         = "1811.02294",
	archivePrefix  = "arXiv",
	primaryClass   = "astro-ph.HE",
	SLACcitation   = "%%CITATION = ARXIV:1811.02294;%%"
}

@article{Lopez:2018nkj,
	author         = "Lopez, Martin and Batta, Aldo and Ramirez-Ruiz, Enrico
	and Martinez, Irvin and Samsing, Johan",
	title          = "{Tidal Disruptions of Stars by Binary Black Holes:
	Modifying the Spin Magnitudes and Directions of LIGO
	Sources in Dense Stellar Environments}",
	year           = "2018",
	eprint         = "1812.01118",
	archivePrefix  = "arXiv",
	primaryClass   = "astro-ph.HE",
	SLACcitation   = "%%CITATION = ARXIV:1812.01118;%%"
}

@article{Sedda:2018nxm,
	author         = "Arca Sedda, M. and Benacquista, Matthew",
	title          = "{Using final black hole spins and masses to infer the
	formation history of the observed population of
	gravitational wave sources}",
	journal        = "Mon. Not. Roy. Astron. Soc.",
	volume         = "482",
	year           = "2019",
	number         = "3",
	pages          = "2991-3010",
	doi            = "10.1093/mnras/sty2764",
	eprint         = "1806.01285",
	archivePrefix  = "arXiv",
	primaryClass   = "astro-ph.GA",
	SLACcitation   = "%%CITATION = ARXIV:1806.01285;%%"
}

@article{Farr:2017gtv,
	author         = "Farr, Ben and Holz, Daniel E. and Farr, Will M.",
	title          = "{Using Spin to Understand the Formation of LIGO and
	Virgoâ€™s Black Holes}",
	journal        = "Astrophys. J.",
	volume         = "854",
	year           = "2018",
	number         = "1",
	pages          = "L9",
	doi            = "10.3847/2041-8213/aaaa64",
	eprint         = "1709.07896",
	archivePrefix  = "arXiv",
	primaryClass   = "astro-ph.HE",
	SLACcitation   = "%%CITATION = ARXIV:1709.07896;%%"
}


@article{Fishbach:2018edt,
	author         = "Fishbach, Maya and Holz, Daniel E. and Farr, Will M.",
	title          = "{Does the Black Hole Merger Rate Evolve with Redshift?}",
	journal        = "Astrophys. J.",
	volume         = "863",
	year           = "2018",
	number         = "2",
	pages          = "L41",
	doi            = "10.3847/2041-8213/aad800",
	note           = "[Astrophys. J. Lett.863,L41(2018)]",
	eprint         = "1805.10270",
	archivePrefix  = "arXiv",
	primaryClass   = "astro-ph.HE",
	SLACcitation   = "%%CITATION = ARXIV:1805.10270;%%"
}

@article{Emami:2018taj,
	author         = "Emami, Razieh and Loeb, Abraham",
	title          = "{Formation Redshift of the Massive Black Holes Detected
	by LIGO}",
	year           = "2018",
	eprint         = "1810.09257",
	archivePrefix  = "arXiv",
	primaryClass   = "astro-ph.HE",
	SLACcitation   = "%%CITATION = ARXIV:1810.09257;%%"
}

@article{Bai:2018shq,
	author         = "Bai, Yang and Barger, Vernon and Lu, Sida",
	title          = "{Measuring the Black Hole Mass Spectrum from Redshifts of
	aLIGO Binary Merger Events}",
	year           = "2018",
	eprint         = "1802.04909",
	archivePrefix  = "arXiv",
	primaryClass   = "astro-ph.HE",
	SLACcitation   = "%%CITATION = ARXIV:1802.04909;%%"
}

@article{Rodriguez:2018rmd,
	author         = "Rodriguez, Carl L. and Loeb, Abraham",
	title          = "{Redshift Evolution of the Black Hole Merger Rate from
	Globular Clusters}",
	journal        = "Astrophys. J.",
	volume         = "866",
	year           = "2018",
	number         = "1",
	pages          = "L5",
	doi            = "10.3847/2041-8213/aae377",
	eprint         = "1809.01152",
	archivePrefix  = "arXiv",
	primaryClass   = "astro-ph.HE",
	SLACcitation   = "%%CITATION = ARXIV:1809.01152;%%"
}

@article{Chandrasekhar:1931ftj,
	author         = "Chandrasekhar, S. and Milne, E. A.",
	title          = "{The Highly Collapsed Configurations of a Stellar Mass}",
	journal        = "Mon. Not. Roy. Astron. Soc.",
	volume         = "91",
	year           = "1931",
	number         = "5",
	pages          = "456-466",
	doi            = "10.1093/mnras/91.5.456",
	SLACcitation   = "%%CITATION = MNRAA,91,456;%%"
}

@article{Chandrasekhar:1931ih,
	author         = "Chandrasekhar, Subrahmanyan",
	title          = "{The maximum mass of ideal white dwarfs}",
	journal        = "Astrophys. J.",
	volume         = "74",
	year           = "1931",
	pages          = "81-82",
	doi            = "10.1086/143324",
	SLACcitation   = "%%CITATION = ASJOA,74,81;%%"
}

@article{Raidal:2017mfl,
	author         = "Raidal, Martti and Vaskonen, Ville and VeermÃ¤e, Hardi",
	title          = "{Gravitational Waves from Primordial Black Hole Mergers}",
	journal        = "JCAP",
	volume         = "1709",
	year           = "2017",
	pages          = "037",
	doi            = "10.1088/1475-7516/2017/09/037",
	eprint         = "1707.01480",
	archivePrefix  = "arXiv",
	primaryClass   = "astro-ph.CO",
	SLACcitation   = "%%CITATION = ARXIV:1707.01480;%%"
}

@article{Li:2018iwg,
	author         = "Li, Jun and Huang, Qing-Guo",
	title          = "{Measuring the spectral running from cosmic microwave
	background and primordial black holes}",
	journal        = "Eur. Phys. J.",
	volume         = "C78",
	year           = "2018",
	number         = "11",
	pages          = "980",
	doi            = "10.1140/epjc/s10052-018-6471-z",
	eprint         = "1806.01440",
	archivePrefix  = "arXiv",
	primaryClass   = "astro-ph.CO",
	SLACcitation   = "%%CITATION = ARXIV:1806.01440;%%"
}

@article{LIGOScientific:2019gaw,
	author         = "Abbott, Benjamin P. and others",
	title          = "{Directional limits on persistent gravitational waves
	using data from Advanced LIGO's first two observing runs}",
	collaboration  = "LIGO Scientific, Virgo",
	year           = "2019",
	eprint         = "1903.08844",
	archivePrefix  = "arXiv",
	primaryClass   = "gr-qc",
	reportNumber   = "LIGO-P1900053",
	SLACcitation   = "%%CITATION = ARXIV:1903.08844;%%"
}

@article{Mirbabayi:2019uph,
	author         = "Mirbabayi, Mehrdad and Gruzinov, Andrei and NoreÃ±a,
	Jorge",
	title          = "{Spin of Primordial Black Holes}",
	year           = "2019",
	eprint         = "1901.05963",
	archivePrefix  = "arXiv",
	primaryClass   = "astro-ph.CO",
	SLACcitation   = "%%CITATION = ARXIV:1901.05963;%%"
}

@article{Chiba:2017rvs,
	author         = "Chiba, Takeshi and Yokoyama, Shuichiro",
	title          = "{Spin Distribution of Primordial Black Holes}",
	journal        = "PTEP",
	volume         = "2017",
	year           = "2017",
	number         = "8",
	pages          = "083E01",
	doi            = "10.1093/ptep/ptx087",
	eprint         = "1704.06573",
	archivePrefix  = "arXiv",
	primaryClass   = "gr-qc",
	reportNumber   = "RUP-17-5",
	SLACcitation   = "%%CITATION = ARXIV:1704.06573;%%"
}


@article{Kinugawa:2016ect,
	author         = "Kinugawa, Tomoya and Nakano, Hiroyuki and Nakamura,
	Takashi",
	title          = "{Gravitational wave quasinormal mode from Population III
	massive black hole binaries in various models of
	population synthesis}",
	journal        = "PTEP",
	volume         = "2016",
	year           = "2016",
	number         = "10",
	pages          = "103E01",
	doi            = "10.1093/ptep/ptw143",
	eprint         = "1606.00362",
	archivePrefix  = "arXiv",
	primaryClass   = "astro-ph.HE",
	SLACcitation   = "%%CITATION = ARXIV:1606.00362;%%"
}

@article{Belczynski:2016jno,
	author = "Belczynski, K. and others",
	title = "{The Effect of Pair-Instability Mass Loss on Black Hole Mergers}",
	eprint = "1607.03116",
	archivePrefix = "arXiv",
	primaryClass = "astro-ph.HE",
	doi = "10.1051/0004-6361/201628980",
	journal = "Astron. Astrophys.",
	volume = "594",
	pages = "A97",
	year = "2016"
}

